2008 3360
239 332 326 385 726
655 338 988 372 APOCALYPSIS
1020 337 1319 370 EXPLICATA.

306 456 329 470 “
341 454 403 487 Est
421 465 510 496 opus
529 452 720 496 [¹1Jehovae
737 464 817 495 pax,
838 459 873 485 et
889 453 991 484 labor
1006 452 1166 493 justitiae
1183 452 1295 494 quies,
1315 458 1351 485 et
1367 453 1542 485 securitas
1559 463 1672 495 usque
1692 453 1726 485 in

414 504 621 535 aeternum:
644 504 684 529 ut
700 498 835 529 habitet
852 497 1005 537 populus
1022 506 1122 528 meus
1140 496 1176 528 in
1193 496 1400 528 habitaculo
1416 497 1526 537 pacis,
1546 503 1582 528 et
1598 497 1635 528 in
1652 503 1729 529 ten-

411 542 514 574 toriis
531 542 775 579 securitatum,
792 547 827 572 et
844 541 880 571 in
898 540 1076 581 quietibus
1094 539 1323 581 tranquillis”
1340 539 1462 580 (xxxii.
1482 548 1531 580 17.
1551 540 1622 581 18):

239 635 265 658 ‘⁴
277 646 369 687 pax
381 632 401 648 ”
427 632 590 673 dicitur
618 634 770 685 “opus
793 628 1068 683 1¹¹Jehovae,”
1090 630 1192 683 quia
1219 630 1346 671 unice
1372 644 1398 671 a
1425 630 1622 672 Domino
1638 644 1648 681 ;
1680 636 1727 672 et

236 708 370 736 omne
407 694 526 748 quod
560 708 618 735 ex
655 707 766 748 pace
799 707 824 734 a
858 693 1055 733 Domino
1089 693 1248 734 existit
1286 693 1403 747 apud
1437 693 1539 734 illos
1572 694 1645 747 qui
1682 694 1726 734 in

236 756 551 811 conjunctione
573 770 674 798 cum
698 757 894 797 Domino
913 761 1032 804 sunt,
1057 762 1247 799 vocatur
1267 759 1418 810 “opus
1442 754 1675 810 ¹¹¹Jehovae
1693 756 1715 779 ·'

235 821 339 861 inde
370 811 533 861 dicitur
561 819 685 860 “Est
723 833 834 872 opus
867 815 1104 871 [¹1Jeh0vae
1138 832 1256 872 pax:
1303 818 1467 860 “labor
1493 819 1727 872 justitiae”

235 883 460 936 significat
497 883 664 924 bonum
706 880 993 935 conjunctum
1019 895 1140 929 vero,
1174 882 1218 922 in
1249 895 1337 936 quo
1376 896 1495 936 pax;
1531 882 1727 924 “labor”

235 947 354 987 enim
395 947 439 987 in
479 946 634 987 Verbo
674 946 836 986 dicitur
876 944 932 985 de
971 958 1093 993 ver0,
1136 944 1374 998 “justitia'’
1412 945 1468 986 de
1505 946 1640 994 bono,
1679 952 1726 987 et

238 1009 430 1063 “quies''
456 1009 512 1050 de
544 1022 655 1063 pace
686 1008 817 1048 inibi:
855 1008 1110 1048 “securitas
1141 1007 1185 1048 in
1217 1008 1474 1048 aeternum”
1500 1007 1725 1061 significat

235 1072 355 1126 quod
392 1073 453 1113 sic
475 1086 582 1113 non
619 1071 850 1113 infestatio
886 1077 932 1111 et
971 1070 1108 1111 timor
1143 1084 1169 1111 a
1195 1071 1324 1112 malis
1359 1077 1405 1112 et
1440 1071 1587 1112 falsis:
1621 1072 1726 1113 inde

235 1142 364 1189 patet
396 1136 501 1190 quid
533 1134 811 1188 significatur
842 1147 921 1188 per
955 1137 1047 1174 “ut
1085 1133 1262 1175 habitet
1301 1134 1492 1188 populus
1525 1148 1649 1176 meus
1682 1136 1726 1175 in

235 1198 497 1239 habitaculo
524 1199 661 1251 pacis,
689 1203 735 1238 et
768 1198 811 1238 in
838 1197 1048 1237 tentoriis
1074 1197 1381 1243 securitatum,
1410 1202 1455 1237 et
1487 1197 1530 1236 in
1563 1198 1725 1250 quieti-

234 1262 316 1303 bus
342 1260 636 1315 tranquillis,”
659 1260 778 1314 quod
803 1272 965 1312 nempe
988 1265 1036 1300 ut
1063 1259 1152 1301 sint
1175 1260 1219 1300 in
1242 1259 1370 1300 caelo
1393 1260 1465 1301 ubi
1489 1259 1724 1309 Dominus,

235 1331 283 1366 et
314 1325 417 1366 inde
449 1325 494 1365 in
525 1324 647 1364 bono
679 1323 844 1364 amoris
875 1328 923 1363 et
955 1321 1118 1371 cultus,
1146 1322 1314 1376 absque
1345 1322 1636 1364 infestatione
1668 1323 1726 1364 ab

234 1387 429 1436 infernis,
450 1393 496 1428 et
515 1387 576 1427 sic
595 1387 638 1427 in
657 1385 863 1439 jucundis
885 1384 991 1426 boni
1013 1391 1059 1426 et
1077 1386 1278 1426 amoenis
1296 1386 1387 1426 veri
1405 1399 1413 1426 z
1451 1385 1724 1426 “habitacu-

235 1450 327 1491 lum
345 1451 468 1504 pacis
479 1449 499 1465 ‘'
517 1456 586 1490 est
606 1449 779 1490 caelum
798 1447 871 1488 ubi
891 1447 1124 1497 Dominus,
1144 1449 1382 1489 “tentoria
1399 1447 1725 1489 securitatum’'

235 1519 340 1555 sunt
358 1513 462 1554 inde
484 1513 603 1553 bona
625 1512 789 1552 amoris
813 1517 858 1552 et
878 1509 1028 1551 cultus
1049 1510 1217 1565 absque
1239 1511 1529 1552 infestatione
1552 1525 1577 1552 a
1595 1510 1725 1552 malis

235 1583 282 1618 et
320 1576 442 1617 falsis
478 1589 592 1629 quae
629 1575 686 1615 ab
722 1574 908 1622 inferno,
944 1579 1002 1615 et*
1030 1574 1242 1628 “quietes
1280 1573 1581 1627 tranquillae''
1618 1579 1723 1614 sunt

229 1637 430 1691 jucunda
464 1637 572 1678 boni
606 1643 653 1677 et
693 1649 888 1677 amoena
923 1636 1033 1676 veri.
1105 1645 1217 1685 (Quod
1237 1643 1253 1654 ¹⁴
1266 1646 1428 1675 tentoria··
1445 1646 1620 1683 significent
1639 1646 1726 1676 bona

234 1702 355 1784 amorics1
365 1706 396 1730 et
410 1701 524 1736 cultus,
539 1700 683 1730 videatur
703 1709 733 1730 n.
749 1709 819 1738 414,
838 1708 926 1735 1102,
942 1706 1030 1738 2145.
1047 1707 1136 1738 2152,
1151 1708 1241 1737 3312,
1258 1697 1381 1737 [²14391,
1400 1699 1523 1737 10545.)
1581 1688 1721 1742 Apud

235 1757 322 1786 eun
360 1757 446 1792 em,

303 1834 326 1848 ‘⁸
338 1832 408 1865 Pro
422 1842 503 1864 aere
517 1832 690 1864 adducam
703 1842 840 1870 aurum,
855 1838 891 1864 et
904 1842 970 1873 pro
981 1831 1076 1864 ferro
1089 1831 1262 1864 adducam
1277 1837 1477 1872 argentum.
1489 1856 1496 1863 .
1511 1856 1518 1863 .
1533 1837 1584 1863 .et
1597 1841 1661 1872 pro
1675 1830 1724 1863 la-

357 1878 361 1883 '
409 1876 548 1916 pidibus
566 1876 718 1913 ferrum:
743 1882 778 1907 et
795 1886 929 1917 ponam
947 1874 1205 1916 praefecturam
1220 1881 1318 1907 tuam
1333 1884 1468 1915 pacem,
1486 1880 1521 1906 et
1538 1873 1723 1906 exactores

408 1926 491 1951 tuos
510 1919 708 1960 justitiam:
734 1930 808 1951 non
829 1920 993 1951 audietur
1010 1919 1163 1960 amplius
1181 1919 1355 1950 violentia
1378 1919 1414 1950 in
1439 1924 1535 1950 terra
1550 1923 1622 1956 tua,
1643 1928 1724 1950 vas-

408 1963 497 1995 tatio
514 1970 550 1995 et
566 1961 766 1995 confractio
784 1963 821 1994 in
838 1963 1004 1995 terminis
1022 1963 1093 1994 tuis
1105 1962 1122 1974 ’'
1139 1961 1200 2003 (lx,
1220 1970 1269 2001 17,
1290 1962 1342 2003 18)
1357 1971 1364 1994 :

233 2049 383 2103 agitur
406 2049 450 2090 in
477 2063 532 2090 eo
557 2050 707 2102 capite
734 2049 790 2090 de
822 2049 1023 2090 adventu
1054 2048 1250 2097 Domini,
1279 2054 1325 2089 et
1358 2049 1413 2089 de
1445 2062 1564 2089 novo
1595 2047 1723 2089 caelo

232 2118 280 2153 et
307 2125 425 2152 nova
456 2111 648 2152 ecclesia
679 2118 814 2162 tunc;
850 2125 902 2152 ac
934 2110 1205 2164 intelligitur
1230 2125 1308 2164 per
1333 2111 1410 2151 illa
1435 2111 1573 2152 verba
1603 2111 1723 2165 quod

232 2174 488 2228 spirituales
513 2174 645 2215 futuri
678 2180 724 2215 et
757 2188 847 2215 non
874 2173 1102 2215 naturales
1128 2179 1177 2215 ut
1209 2174 1342 2227 prius,
1367 2187 1530 2227 nempe
1556 2173 1619 2214 illi
1650 2174 1724 2228 qui

232 2235 458 2290 conjuncti
482 2236 679 2277 Domino
705 2250 783 2290 per
808 2237 978 2277 bonum
1000 2236 1179 2284 amoris,
1203 2242 1249 2276 et
1273 2236 1393 2289 quod
1415 2249 1506 2276 non
1532 2236 1724 2289 amplius

231 2298 427 2340 futurum
453 2299 687 2339 discidium
709 2300 827 2340 inter
848 2290 1074 2340 internum
1092 2307 1169 2340 seu
1191 2297 1469 2351 spiritualem
1493 2298 1722 2339 hominem

231 2367 278 2402 et
305 2367 547 2402 externum
574 2374 651 2401 seu
673 2361 952 2402 naturalem:
985 2361 1105 2415 quod
1130 2360 1262 2401 futuri
1284 2361 1374 2401 sint
1397 2360 1651 2413 spirituales
1677 2367 1722 2402 et

232 2436 323 2463 non
345 2422 574 2463 naturales
597 2429 646 2463 ut
673 2423 806 2476 prius,
832 2422 1109 2476 significatur
1131 2436 1208 2476 per
1233 2425 1350 2476 “pro
1376 2436 1478 2463 aere
1500 2422 1721 2464 adducam

201 2479 206 2488 ’
231 2498 401 2532 aurum,
418 2498 498 2538 pro
516 2484 631 2525 ferro
647 2491 903 2538 argentum,
925 2491 970 2526 et
990 2499 1070 2538 pro
1087 2484 1308 2538 lapidibus
1326 2484 1487 2525 ferrum
1507 2484 1540 2535 ;”
1570 2488 1595 2505 ‘⁴
1608 2483 1724 2533 aeS‚’'

234 2546 466 2588 “ferrum’'
493 2553 539 2588 et
575 2546 817 2600 “lapides’'
849 2547 1106 2600 significant
1139 2546 1375 2594 naturalia,
1409 2560 1460 2587 ac
1491 2546 1724 2596 “aurum,”

234 2609 545 2662 “argentum”
582 2615 628 2650 et
665 2609 905 2658 “ferrum,’'
942 2624 1056 2663 quae
1094 2609 1195 2651 loco
1231 2608 1425 2657 illorum,
1464 2608 1722 2662 significant

231 2670 482 2724 spiritualia
503 2685 512 2722 3
543 2674 568 2691 “
585 2684 739 2711 aurum
752 2671 771 2686 ”
789 2672 957 2712 bonurn
976 2670 1220 2725 spirituale,
1242 2671 1551 2723 “argentum'’
1569 2683 1723 2712 verum

230 2732 349 2774 illius
380 2733 501 2782 boni,
535 2739 581 2774 et
617 2733 851 2774 “ferrum”
882 2747 1037 2775 verum
1069 2732 1300 2787 spirituale
1332 2732 1564 2774 naturale:
1602 2732 1723 2786 quod

231 2809 310 2850 per
346 2795 515 2836 bonum
551 2796 716 2836 amoris
758 2803 1028 2849 regnaturus
1069 2797 1127 2837 sit
1172 2795 1407 2844 Dominus,
1446 2794 1724 2848 significatur

230 2871 310 2912 per
360 2857 568 2898 “Ponam
617 2856 941 2910 praefecturam
990 2864 1114 2899 tuam
1165 2870 1337 2911 pacem,
1388 2863 1435 2897 et
1483 2855 1723 2898 exactores

226 2919 450 2974 justitiam
469 2919 502 2970 ;''
531 2918 877 2973 “praefectura'’
901 2920 1126 2974 significat
1148 2932 1350 2973 regnum,
1378 2923 1507 2972 “pax
1520 2918 1539 2934 ”
1562 2918 1721 2959 Domi-

231 2994 354 3032 num,
388 2988 434 3023 et
470 2981 707 3035 “justitia”
739 2982 907 3023 bonum
944 2983 1001 3024 ab
1035 2983 1165 3036 Ipso:
1209 2982 1328 3036 quod
1365 2994 1456 3023 non
1488 2981 1722 3023 dissidium
