2008 3360
228 345 314 390 744
643 343 975 380 APOCALYPSIS
1006 346 1305 380 EXPLICATA.

402 459 605 499 serendum,
629 461 766 501 aperiet
791 466 826 493 et
850 460 990 492 occabit
1009 466 1141 492 terram
1162 469 1264 492 suam
1274 461 1290 494 ’ἑ
1316 469 1438 492 nonne
1457 459 1601 502 quando
1625 469 1721 493 com-

405 507 566 546 planavit
593 507 703 537 facies
731 506 820 545 eJ'us,
851 504 1026 544 dispergit
1051 505 1261 544 nigellami’.
1276 529 1283 536 .
1298 510 1371 537 ..et
1394 504 1537 545 reponit
1561 504 1720 536 triticum

405 553 649 579 mensuratum
664 555 698 579 et
711 548 884 579 hordeum
897 548 1138 587 designatum,
1153 554 1187 579 et
1201 558 1282 580 zeas
1292 548 1500 588 designatas
1509 549 1524 580 ’ἔ
1542 548 1593 579 ita
1606 547 1722 579 erudit

403 599 484 622 eum
503 591 547 622 ad
564 590 747 632 judicium,
763 591 860 623 Deus
878 591 955 632 ejus
971 591 1076 623 docet
1092 600 1173 639 eum
1185 590 1205 631 ’ἶ
1219 591 1353 632 (xxviii.
1369 599 1420 629 22,
1435 591 1574 631 24-26):

227 702 307 742 per
332 688 444 730 haec
470 690 514 730 in
541 703 674 730 sensu
700 689 918 742 spirituali
945 688 1212 730 describitur
1237 689 1357 743 quod
1384 683 1576 730 ecclesia
1601 688 1720 742 apud

227 758 415 804 gentem
440 752 674 804 Judaicam
700 759 746 793 et
780 751 1077 793 Israeliticam
1109 765 1290 805 prorsus
1315 750 1547 793 destructa
1573 752 1645 798 sit,
1673 757 1720 792 et

227 814 349 868 quod
381 814 492 855 nihil
523 814 658 856 saciat
690 815 809 868 quod
842 815 1020 855 discant
1052 820 1099 855 et
1131 815 1276 856 sciant
1309 813 1525 862 Verbum,
1559 813 1639 854 sed
1671 819 1720 854 ut

225 877 394 918 bonum
426 884 472 918 et
504 891 658 918 verum
690 877 783 930 ejus
815 878 910 918 usui
941 878 1063 919 vitae
1095 876 1373 930 applicetur3
1411 877 1514 918 inde
1545 882 1593 918 et
1630 889 1719 917 non

223 939 404 981 aliunde
431 940 736 994 intelligentia
762 954 788 981 a
820 940 1043 981 Domino:
1077 940 1197 994 quod
1229 940 1421 982 ecclesia
1446 940 1564 995 apud
1596 939 1720 980 illam

224 1009 412 1056 gentem
435 1017 614 1056 prorsus
637 1000 870 1044 destru&a
891 1003 965 1051 sit,
989 1002 1260 1056 intelligitur
1281 1017 1359 1056 per
1379 1006 1405 1023 “
1421 1002 1719 1047 Consumma-

223 1066 396 1107 tionem
427 1072 475 1108 et
506 1066 781 1107 decisionem
814 1065 962 1106 audivi
994 1079 1021 1107 a
1056 1065 1253 1107 Domino
1283 1065 1476 1119 Jehovih
1509 1064 1718 1106 Zebaoth

223 1142 356 1182 super
387 1130 640 1170 universam
673 1135 839 1170 terram
861 1128 894 1179 ;''
929 1129 1305 1170 “consummatio
1336 1135 1383 1170 et
1415 1129 1584 1170 decisio
1598 1128 1618 1144 ’'
1649 1134 1719 1170 est

223 1191 425 1245 plenaria
455 1190 718 1241 destructio,
746 1199 792 1233 et
822 1192 1069 1233 “universa
1099 1191 1249 1233 terra’'
1277 1198 1347 1233 est
1380 1198 1483 1233 tota
1513 1191 1718 1240 ecclesia,

223 1256 311 1297 hoc
329 1262 414 1304 est,
434 1268 568 1296 omne
587 1255 678 1308 ejus
697 1269 706 1306 ;
739 1255 859 1308 quod
878 1255 988 1296 nihil
1011 1255 1146 1296 faciat
1164 1255 1285 1309 quod
1307 1255 1486 1296 discant
1504 1261 1550 1296 et
1574 1255 1719 1296 sciant

224 1318 442 1367 Verbum,
470 1318 749 1371 significatur
781 1332 859 1372 per
888 1317 1048 1359 “Num
1081 1324 1183 1359 toto
1209 1318 1281 1359 die
1312 1317 1458 1359 arabit
1485 1324 1637 1359 arator
1662 1318 1719 1359 ad

223 1381 477 1429 serendum,
498 1382 667 1435 aperiet
691 1388 736 1422 et
760 1381 939 1422 occabit
958 1387 1125 1435 terram
1148 1394 1275 1421 suam
1291 1380 1329 1421 ?''
1370 1379 1546 1422 “Arare
1569 1381 1626 1422 ad
1648 1395 1720 1422 se-

222 1445 412 1486 rendum
427 1444 446 1459 ‘’
472 1451 542 1486 est
575 1445 761 1491 discere,
789 1450 836 1485 et
866 1448 1066 1486 “occare
1098 1450 1265 1486 terram
1279 1443 1298 1459 ’'
1323 1450 1395 1485 est
1426 1457 1644 1497 reponere
1675 1445 1718 1485 in

224 1509 453 1549 memoria.
516 1506 649 1560 Quod
682 1508 850 1548 bonum
876 1514 923 1548 et
950 1519 1104 1549 verum
1131 1506 1272 1552 Verbi
1304 1507 1401 1548 usui
1427 1508 1548 1548 vitae
1574 1507 1719 1561 appli-

226 1571 420 1612 candum
452 1571 524 1619 sit,
553 1569 830 1623 significatur
862 1583 940 1624 per
969 1569 1172 1611 “Nonne
1198 1570 1380 1624 quando
1411 1569 1720 1624 complanavit

223 1634 359 1675 facies
385 1633 492 1686 ejus,
520 1634 740 1686 dispergit
769 1632 999 1686 nigellam,
1027 1639 1074 1675 et
1106 1634 1284 1686 reponit
1312 1633 1513 1674 triticum
1539 1646 1720 1675 mensu-

223 1702 373 1737 ratum
385 1702 431 1737 et
444 1696 662 1737 hordeum
675 1697 979 1749 designatum,
993 1702 1039 1737 et
1055 1709 1157 1737 zeas
1169 1696 1432 1749 designatas
1447 1695 1485 1736 ?’'
1526 1695 1720 1737 “Nonne

225 1759 407 1812 quando
422 1759 730 1812 complanavit
748 1759 883 1800 facies
899 1765 1045 1800 terrae
1060 1759 1280 1812 dispergit
1297 1758 1514 1812 nigellam
1528 1758 1566 1799 ?''
1578 1759 1719 1812 signi-

223 1821 330 1862 ficat
342 1822 523 1875 quando
535 1823 818 1875 praeparavit
834 1836 912 1875 per
924 1821 1144 1872 Verbum;
1161 1825 1186 1842 “
1199 1822 1398 1863 triticum
1411 1829 1720 1864 mensuratum

225 1891 272 1926 et
305 1884 523 1925 hordeum
550 1884 853 1938 designatum,
882 1891 928 1925 et
965 1898 1070 1925 zeae
1100 1885 1368 1938 designatae
1383 1883 1421 1925 ?”
1460 1884 1719 1938 significant

225 1946 452 2000 applicare
470 1947 637 1988 bonum
655 1954 701 1988 et
716 1961 870 1988 verum
889 1948 984 1988 usui
999 1948 1119 1988 vitae
1138 1946 1185 2001 (“
1199 1947 1399 1988 triticum
1412 1947 1431 1962 '’
1445 1954 1515 1988 est
1535 1948 1717 1996 bonum,

227 2009 516 2050 “hordeum’'
538 2016 608 2050 est
634 2023 803 2058 verum,
827 2017 874 2051 et
899 2009 1075 2051 “zeae'’
1098 2017 1202 2051 sunt
1229 2009 1536 2064 cognitiones)
1556 2002 1574 2051 :¹
1599 2011 1717 2064 quod

224 2073 332 2114 inde
363 2086 454 2113 non
485 2072 664 2114 aliunde
696 2073 1003 2126 intelligentia
1033 2087 1059 2114 a
1091 2073 1303 2122 Domino,
1333 2073 1612 2126 significatur
1642 2087 1720 2128 per

228 2137 330 2177 “ita
351 2136 497 2177 erudit
520 2136 577 2176 ad
595 2135 822 2189 judicium,
844 2136 966 2177 Deus
988 2135 1081 2189 ejus
1103 2136 1239 2178 docet
1262 2149 1364 2177 eum
1381 2136 1415 2187 ;”
1441 2136 1687 2190 “judicium
1700 2137 1719 2153 ’'

225 2198 450 2252 significat
474 2197 841 2251 intelligentiam,
868 2203 893 2220 ‘⁴
908 2199 1031 2240 Deus
1057 2198 1149 2252 ejus
1172 2199 1308 2240 docet
1334 2212 1436 2240 eum
1451 2199 1470 2214 ”
1492 2199 1716 2253 significat

227 2262 347 2316 quod
373 2275 400 2302 a
426 2261 635 2302 Domino.
698 2261 836 2315 Apud
860 2262 1028 2311 Mosen,

300 2349 463 2392 Jehovah
483 2350 673 2391 “equitare
693 2351 775 2382 fecit
795 2360 877 2382 eum
896 2361 1003 2392 super
1019 2350 1170 2383 excelsis
1190 2356 1319 2390 terrae,
1337 2357 1374 2383 et
1392 2351 1525 2384 cibavit
1544 2358 1719 2392 proventu

401 2403 582 2434 agrorum,
602 2404 729 2434 sugere
753 2395 837 2426 fecit
856 2405 939 2426 eum
963 2395 1034 2427 mel
1056 2405 1076 2427 e
1100 2404 1198 2435 rupe,
1217 2400 1252 2427 et
1276 2395 1395 2426 oleum
1419 2405 1439 2426 e
1462 2405 1550 2427 saxo
1575 2402 1718 2436 petrae;

399 2437 569 2478 butyrum
583 2437 735 2469 armenti
753 2444 788 2469 et
804 2438 859 2469 lac
875 2439 995 2479 gregis
1008 2448 1087 2470 cum
1101 2438 1205 2478 adipe
1218 2448 1394 2478 agnorum
1412 2444 1447 2470 et
1463 2438 1614 2470 arietum
1631 2439 1720 2470 filio-

400 2489 478 2512 rum
491 2481 690 2512 Baschanis
704 2487 739 2512 et
750 2481 940 2520 hircorum,
953 2491 1033 2513 cum
1044 2482 1149 2522 adipe
1160 2491 1284 2513 renum
1297 2482 1415 2520 tritici,
1427 2487 1463 2514 et
1472 2480 1717 2523 [¹1sanguinem

399 2534 550 2556 uvarum
567 2525 661 2556 bibis
679 2534 818 2556 merum
829 2525 847 2537 '’
861 2525 998 2566 (Deutr.
1012 2525 1121 2558 xxxii.
1138 2533 1188 2564 13,
1205 2525 1276 2565 14):

229 2613 342 2654 haec
365 2610 485 2653 dieta
511 2618 615 2653 sunt
648 2612 703 2653 de
730 2612 937 2654 Ecclesia
963 2612 1167 2667 Antiqua
1193 2619 1296 2667 post
1329 2612 1542 2654 diluvium
1570 2624 1595 2655 a
1622 2614 1717 2656 Do-

226 2676 349 2716 mino
370 2676 635 2724 instaurata,
655 2688 769 2729 quae
795 2677 838 2716 in
861 2675 1166 2729 intelligentia
1187 2682 1233 2717 et
1256 2676 1478 2730 sapientia
1500 2684 1596 2718 erat
1615 2679 1718 2732 quia

228 2739 273 2779 in
304 2739 426 2779 bono
451 2737 686 2778 charitatis
715 2744 761 2779 et
793 2738 897 2779 inde
928 2739 972 2779 in
1003 2738 1116 2790 fide;
1149 2738 1453 2792 intelligentia
1484 2752 1638 2780 eorum
1669 2747 1715 2781 et

229 2800 452 2855 sapientia
473 2814 499 2840 a
521 2799 718 2841 Domino
736 2800 1013 2854 significatur
1029 2814 1108 2855 per
1124 2801 1243 2856 quod
1263 2799 1496 2854 “Jehovah
1515 2803 1717 2856 equitare

226 2864 381 2905 fecerit
419 2876 521 2904 eum
557 2876 689 2916 super
724 2863 919 2904 excelsis
956 2871 1116 2914 terrae,
1155 2870 1201 2905 et
1239 2864 1455 2905 cibaverit
1493 2871 1716 2918 proventu

226 2938 435 2979 agrorum
453 2925 488 2977 ;’'
518 2925 638 2966 bona
659 2925 875 2967 caelestia
900 2933 946 2968 et
973 2927 1221 2980 spiritualia
1242 2941 1355 2980 quae
1378 2926 1464 2967 illis
1491 2941 1569 2981 per
1589 2941 1710 2975 vera,

226 2988 539 3029 describuntur
564 3000 642 3041 per
668 2988 787 3041 quod
817 2992 1015 3042 “sugere
1045 2989 1198 3030 fecerit
1226 3002 1326 3030 eum
1353 2989 1441 3030 mel
1466 3004 1490 3031 e
1516 3003 1637 3044 rupe;
1665 2996 1711 3031 et
