2008 3360
235 344 322 399 696
642 352 984 386 rAPOCALYPffls
1016 352 1319 390 EXPLICATA.

237 481 297 510 ex
334 466 457 508 falsis
492 472 539 508 et
579 466 945 520 impugnationes
981 465 1087 513 veri,
1129 464 1422 517 “sagittarii’'
1456 478 1536 506 seu
1559 473 1728 506 arcum

237 535 451 572 tenentes
473 536 577 570 sunt
600 530 673 583 qui
695 530 963 582 impugnant
987 541 1097 567 vera·
1114 541 1173 568 ex
1195 526 1317 568 falsis
1339 525 1596 569 doctrinae:
1623 526 1729 569 inde

238 592 401 634 dicitur
429 592 580 645 “fugit
613 598 714 633 tota
745 590 888 638 urbs,''
911 596 957 631 et
986 594 1127 630 “tota
1158 590 1262 639 urbs
1293 590 1475 639 deserta
1491 588 1526 641 ;’'
1555 588 1730 635 “urbs'f

232 654 463 710 significat
490 653 742 706 doctrinam
769 653 1002 694 ecclesiae.
1065 651 1204 706 Apud
1229 651 1435 701 Esaiam,

311 743 473 786 Jehovah
494 744 669 776 “sustulit
693 744 834 783 signum
859 742 1026 783 gentibus
1043 751 1062 773 e
1079 741 1281 783 longinquo
1282 765 1374 780 .....
1382 747 1417 773 et
1440 750 1521 773 ecce
1537 741 1608 773 cito
1623 740 1731 772 velox

414 788 534 819 veniet
538 812 632 825 .....
639 785 772 827 1¹1cujus
793 787 863 818 tela
882 791 995 822 acuta.
1016 791 1051 816 et
1070 795 1197 816 omnes
1217 795 1320 817 arcus
1339 785 1418 826 ejus
1437 785 1551 823 tensi;
1575 784 1732 824 ungulae

413 831 681 914 {Juguggijs
697 831 788 862 sicut
808 840 914 871 rupes
932 835 1152 870 reputantur.
1173 834 1209 860 et
1227 835 1327 861 rotae
1343 827 1422 870 ejus
1439 828 1529 860 sicut
1545 826 1731 869 proceIla’*

453 900 460 907 .
523 900 530 912 ,
612 900 618 907 .

240 975 318 1015 per
335 961 466 1002 “tela
479 961 573 1014 ejus
587 960 760 1009 acuta,”
775 966 820 1001 et
837 974 915 1013 per
932 963 957 980 ‘⁴
969 973 1100 1000 arcus
1113 959 1205 1012 ejus
1219 965 1377 1000 tensos
1388 958 1409 974 '⁹
1421 957 1732 1012 significantur

238 1023 352 1065 falsa
378 1022 611 1065 doetrinae
635 1029 793 1077 parata
825 1022 882 1063 ad
914 1022 1239 1062 destruendum
1265 1034 1398 1063 vera:
1430 1021 1535 1075 quid
1561 1019 1731 1073 signifi-

240 1093 369 1130 catur
401 1101 478 1140 per
511 1091 715 1140 “gentes
743 1100 768 1126 e
800 1084 1087 1139 longinquo,”
1114 1098 1192 1139 per
1220 1083 1456 1138 “ungulas
1485 1082 1733 1137 equorum”

239 1163 355 1204 quae
377 1151 491 1191 sicut
515 1163 645 1203 rupes
668 1155 947 1202 reputantur,
972 1155 1017 1189 et
1042 1161 1120 1202 per
1140 1152 1304 1189 “rotas
1316 1147 1335 1163 ''
1353 1161 1467 1202 quae
1490 1148 1605 1188 sicut
1629 1160 1733 1200 pro-

240 1212 371 1262 cella,
391 1213 595 1253 videatur
612 1214 656 1253 in
675 1225 783 1252 mox
802 1211 1018 1264 superiori
1040 1210 1245 1260 articulo,
1266 1210 1339 1252 ubi
1361 1209 1594 1264 explicata
1612 1214 1732 1250 sunt.

242 1275 381 1331 Apud
407 1276 562 1325 Amos,

247 1359 249 1361 ’
278 1368 283 1385 ¹
310 1366 334 1380 ⁸⁸
346 1364 426 1397 Non
439 1371 565 1397 tenens
579 1374 700 1396 arcum
711 1364 894 1401 consistet,
910 1373 1026 1404 neque
1042 1363 1135 1395 celer
1151 1363 1302 1404 pedibus
1319 1363 1393 1394 suis
1413 1362 1538 1403 eripiet
1554 1371 1606 1398 se.
1620 1370 1735 1402 neque

416 1409 580 1450 equitans
588 1409 813 1449 equoeripiet
824 1408 982 1438 animam
991 1417 1105 1444 suam,
1117 1407 1181 1439 sed
1191 1407 1297 1439 fortis
1307 1407 1414 1439 corde
1426 1416 1491 1438 suo
1504 1406 1597 1437 inter
1606 1406 1735 1437 heroes

418 1452 529 1493 fugiet
546 1452 661 1484 nudus
679 1452 714 1483 in
732 1452 788 1483 die
806 1451 958 1491 illo''(ii.
975 1451 1114 1492 14-16):

241 1544 314 1585 hic
346 1544 614 1585 describitur
640 1543 817 1597 propria
850 1541 1171 1595 intelligentia,
1199 1547 1246 1583 et
1278 1541 1384 1582 inde
1409 1539 1569 1581 fiducia
1595 1553 1654 1581 ex
1680 1553 1737 1580 eo

206 1606 362 1662 *quod
391 1607 532 1660 possit
559 1606 815 1647 ratiocinari
843 1620 901 1647 ex
929 1605 1052 1646 salsis
1079 1611 1240 1646 contra
1265 1618 1399 1654 vera;
1432 1617 1510 1657 per
1535 1607 1736 1644 “tenens

230 1682 396 1712 *arcum
424 1683 514 1710 non
540 1670 776 1718 consistet,
797 1675 842 1710 et
871 1667 991 1709 celer
1017 1668 1206 1722 pedibus
1233 1680 1323 1708 non
1349 1668 1508 1721 eripiet
1534 1665 1621 1715 se,'’
1643 1666 1735 1718 sig-

245 1732 450 1774 nificatur
474 1732 594 1786 quod
621 1733 694 1785 qui
726 1733 811 1772 scit
844 1731 1055 1772 alacriter
1086 1737 1133 1772 et
1165 1730 1358 1772 solerter
1387 1729 1644 1771 ratiocinari
1676 1742 1736 1769 ex

243 1793 448 1838 doctrina
470 1802 515 1836 et
539 1810 597 1836 ex
617 1796 832 1836 memoria
854 1809 970 1848 quae
991 1794 1209 1835 naturalis
1227 1793 1437 1841 hominis,
1458 1791 1568 1833 nihil
1591 1793 1735 1845 possit

244 1859 478 1901 consulere
501 1858 635 1899 saluti
658 1872 778 1906 suae,
798 1865 844 1898 et
868 1858 1119 1898 consistere
1135 1857 1208 1898 die
1221 1856 1401 1910 judicii;
1429 1855 1575 1896 simile
1596 1855 1737 1908 signi-

242 1921 403 1971 ficatur
426 1936 503 1976 per
527 1922 772 1975 “equitans
795 1935 911 1974 equo
935 1934 1025 1961 non
1048 1921 1207 1973 eripiet
1230 1921 1426 1962 animam
1449 1932 1574 1963 suam
1594 1918 1627 1969 ;”
1659 1931 1738 1972 per

247 1983 448 2027 “fortem
481 1985 618 2025 corde
648 1985 721 2038 qui
753 1984 894 2037 fugiet
924 1982 1108 2037 [nudus]
1137 1984 1181 2023 in
1213 1983 1285 2024 die
1317 1981 1435 2031 i110,”
1461 1980 1739 2038 significatur

244 2043 365 2103 quod
392 2049 465 2102 qui
497 2047 605 2089 fidet
638 2049 720 2088 sibi
752 2061 811 2088 ex
839 2061 894 2088 eo
915 2047 1035 2100 quod
1061 2046 1318 2096 ratiocinari
1345 2046 1488 2099 possit
1514 2037 1574 2099 ex
1599 2044 1737 2093 salsis,

245 2112 506 2166 deprivatus
533 2113 617 2152 erit
641 2112 763 2152 omni
786 2125 893 2151 vero
919 2117 1054 2161 tunc;
1087 2124 1165 2164 per
1190 2109 1390 2151 “sortem
1412 2108 1581 2150 corde”
1602 2107 1738 2149 intel-

245 2174 401 2229 ligitur
431 2175 504 2228 qui
535 2174 618 2215 sibi
655 2188 714 2215 ex
752 2188 807 2214 eo
841 2173 966 2223 fidet,
1000 2179 1046 2215 et
1078 2186 1157 2227 per
1190 2172 1397 2225 “nudum
1411 2171 1433 2188 ”
1461 2168 1741 2228 significatur

246 2234 507 2291 deprivatus
534 2237 656 2278 omni
683 2251 804 2277 vero.

204 2303 212 2312 ²
263 2308 275 2321 '⁴
328 2303 421 2359 [ὦ]
463 2304 604 2358 Apud
629 2304 870 2354 Davidem,

271 2430 273 2433 .
315 2392 448 2432 J‘Deus
473 2392 588 2434 Judex
611 2392 739 2432 justus,
761 2391 858 2424 Deus
884 2392 1042 2424 irascens
1059 2397 1135 2424 tota
1157 2391 1214 2423 die
1226 2400 1236 2428 ,ς
1265 2391 1295 2423 si
1319 2401 1391 2422 non
1417 2399 1581 2422 reversus
1604 2387 1742 2430 fuerit’ss

423 2437 548 2473 malus,
566 2438 588 2450 ‘¹
601 2436 758 2476 gladium
777 2446 880 2467 suum
898 2437 1004 2473 acuit,
1024 2445 1143 2467 arcum
1155 2440 1258 2467 suu'm
1271 2434 1432 2471 tetendit,
1448 2435 1484 2466 e't
1499 2433 1628 2465 direxit
1643 2441 1738 2470 eum,

422 2486 457 2512 et
481 2480 708 2520 praeparavit
731 2480 799 2510 sibi
823 2490 911 2511 vasa
934 2480 1072 2518 mortis,
1091 2479 1163 2511 tela
1185 2486 1250 2510 sua
1269 2478 1434 2510 ardentia
1455 2476 1568 2509 faciU’
1589 2476 1664 2517 (Ps.
1678 2475 1739 2507 vii.

425 2532 531 2562 12-14
549 2521 610 2565 [B.
624 2523 671 2555 A.
687 2520 844 2564 11—13]):
1439 2539 1441 2542 ·

246 2611 458 2654 tribuitur
479 2610 551 2651 hic
576 2610 677 2651 Deo
699 2610 819 2663 quod
847 2611 1066 2651 irascatur
1087 2609 1222 2666 malo,
1247 2609 1367 2663 quod
1389 2608 1591 2662 gladium
1613 2621 1741 2648 suum

247 2680 398 2722 acuat,
418 2686 570 2714 arcum
589 2686 717 2713 suum
737 2673 898 2714 tendat
921 2680 966 2714 et
986 2674 1166 2726 dirigat.
1187 2673 1549 2726 praeparet‘va'sa
1567 2671 1740 2719 mortis,

248 2743 308 2779 et=
328 2736 422 2778 tela
448 2750 527 2776 sua
553 2736 761 2776 ardentia
787 2736 937 2784 faciat,
967 2737 1046 2777 sed
1080 2736 1349 2789 intelligitur
1375 2736 1417 2775 in
1447 2747 1581 2775 sensu
1613 2733 1741 2787 spiri-

248 2798 360 2842 tuali
378 2800 498 2852 quod
516 2799 654 2839 homo
676 2800 740 2839 ita
757 2799 891 2839 saciat
916 2800 999 2839 sibi
1018 2814 1026 2850 ;
1060 2799 1316 2839 tribuuntur
1334 2798 1410 2838 illa
1430 2798 1528 2838 Deo
1550 2798 1592 2848 in
1608 2810 1742 2837 sensu

249 2861 444 2910 litterae,
469 2863 570 2915 quia
588 2862 623 2902 is
646 2875 802 2902 sensus
825 2868 895 2903 est
916 2862 1149 2910 naturalis,
1170 2868 1215 2902 et
1234 2875 1314 2914 pro
1329 2859 1521 2901 naturali
1539 2859 1737 2906 homine,

248 2925 322 2978 qui
348 2925 490 2966 credit
509 2925 628 2978 quod
652 2925 880 2965 timendus
898 2926 955 2965 sit
981 2925 1104 2965 Deus
1128 2930 1382 2978 propterea,
1401 2936 1452 2964 ac
1471 2923 1605 2963 timor
1622 2920 1741 2974 apud

249 2986 374 3029 illum
401 2994 612 3042 operatur
637 2987 757 3041 quod
783 3001 909 3028 amor
935 2995 1098 3041 postea
1123 3000 1225 3028 cum
1251 2986 1300 3028 fit
1326 2984 1570 3041 spiritualis
1585 2998 1596 3036 ;
1632 2983 1738 3025 inde
