2008 3360
286 236 369 281 772
698 235 1030 269 APOCALYPSIS
1060 235 1361 269 EXPLICATA.

355 350 378 364 “
388 349 558 381 Ablatum
571 355 625 381 est
640 349 809 390 gaudium
827 355 862 381 et
878 349 1048 380 exultatio
1061 348 1104 380 de
1119 347 1272 387 Carmel,
1287 354 1324 381 et
1336 349 1372 381 in
1386 348 1500 381 vineis
1513 359 1586 380 non
1599 354 1772 388 cantatur,

460 393 728 477 {ieztii’giz'tg'liatpgj
739 393 867 454 *vinum
885 393 920 424 in
939 392 1103 424 torculari
1121 402 1193 424 non
1211 392 1323 424 calcat
1338 393 1490 431 calcans,
1506 392 1622 424 hedad
1638 402 1777 424 cessare

287 525 406 579 quod
427 523 669 578 jucundum
696 524 893 565 caeleste
919 538 978 564 ex
1004 523 1125 564 bono
1151 529 1198 565 et
1222 524 1337 565 veris
1362 523 1467 565 inde
1492 523 1692 565 ablatum
1719 523 1777 564 sit

287 589 388 642 quia
414 589 555 642 ipsum
583 588 749 628 bonum
776 594 821 628 et
844 599 1011 635 verum,
1035 587 1098 627 ita
1119 586 1409 637 describitur;
1442 587 1608 627 bonum
1631 585 1777 627 eccle-

287 652 378 692 siae
409 650 674 703 intelligitur
704 663 782 703 per
815 648 1069 698 “Carmel,'’
1100 655 1146 690 et
1177 663 1283 690 vera
1313 649 1417 690 inde
1446 663 1526 704 per
1556 646 1778 689 “vineas’'

287 727 338 756 ac
371 728 448 768 per
476 713 811 754 “calcationem
838 712 927 752 vini
959 712 1001 752 in
1028 711 1322 753 torcularibus
1339 711 1372 763 ;”
1398 711 1593 764 jucunda
1624 723 1777 751 eorum

288 777 407 830 quod
422 776 574 817 ablata
588 789 665 829 per
678 779 703 795 ‘⁶
715 774 965 828 gaudium,'’
978 773 1378 823 “exultationem,'’
1392 778 1416 797 “
1431 771 1778 822 cantationem,'’

290 836 634 889 “jubilationem
648 837 666 852 ’'
683 843 728 877 et
749 841 772 856 ‘⁴
786 836 932 877 hedad
951 836 984 886 ;‘’
1009 836 1218 878 solebant
1236 837 1353 878 enim
1371 843 1554 878 cantare
1576 837 1619 876 in
1637 836 1778 876 vineis

288 906 333 940 et
370 900 414 940 in
450 899 745 940 torcularibus
777 913 876 940 cum
909 899 1168 940 calcabatur
1199 913 1284 940 uva
1320 900 1363 940 in
1395 900 1561 947 vinum,
1594 904 1780 952 propter

288 963 748 1015 repraesentationem
767 962 1062 1015 jucundorum
1089 976 1147 1004 ex
1170 963 1300 1012 veris,
1324 976 1437 1016 quae
1460 961 1777 1015 significaban-

289 1031 360 1066 tur
384 1039 463 1079 per
490 1026 691 1066 “vinum.
697 1026 715 1041 ”
776 1025 913 1079 Apud
939 1025 1199 1075 Jeremz'am,

356 1119 536 1162 ⁸⁴1¹}Supra
549 1122 669 1153 fletum
683 1121 838 1163 Jaeseris
852 1121 944 1153 flebo
958 1123 1004 1153 ob
1017 1127 1062 1159 te,
1076 1122 1159 1153 vitis
1173 1122 1325 1160 Sibmae,
1341 1122 1554 1162 propagines
1568 1127 1648 1152 tuae
1662 1127 1777 1153 trans-

462 1165 602 1197 iverunt
626 1175 734 1203 mare,
754 1175 866 1206 usque
889 1166 934 1197 ad
958 1175 1055 1197 mare
1074 1165 1229 1207 Jaeseris
1253 1166 1493 1206 pertigerunt;
1518 1164 1657 1205 superf
1642 1162 1778 1196 fruetus

450 1209 620 1248 ,autumni
649 1215 740 1246 tuos.
768 1215 803 1240 et
831 1218 937 1249 super
960 1209 1176 1240 vindemiam
1203 1215 1299 1241 tuam
1324 1214 1482 1240 vastator
1505 1208 1652 1246 cecidit;
1684 1207 1778 1239 unde

462 1251 611 1284 collecta
627 1259 681 1284 est
697 1253 842 1290 laetitia,
862 1259 897 1284 et
913 1252 1079 1292 gaudium
1098 1262 1142 1284 ex
1159 1252 1332 1290 Carmele.
1353 1258 1388 1284 et
1404 1262 1448 1284 ex
1464 1258 1558 1284 terra
1576 1251 1718 1283 Moabi·
1711 1275 1719 1289 ,
1743 1256 1779 1282 et

461 1297 582 1327 vinum
602 1297 635 1327 in
654 1296 887 1327 torcularibus
904 1305 1043 1327 cessare
1066 1295 1145 1334 feci,
1165 1305 1237 1327 non
1256 1296 1404 1328 calcabit
1420 1296 1544 1333 hedad,
1565 1295 1680 1327 hedad
1704 1304 1778 1326 non

460 1340 575 1371 hedad
588 1339 605 1351 ’'
622 1339 744 1379 (xlviii.
763 1348 814 1379 32,
832 1341 906 1380 33):

287 1427 357 1468 hic
375 1428 510 1468 etiam
529 1429 675 1481 agitur
689 1428 744 1468 de
759 1427 912 1468 ablato
927 1427 1123 1480 jucundo
1138 1427 1322 1468 caelesti
1340 1441 1398 1468 ex
1417 1427 1537 1468 bono
1551 1426 1714 1468 amoris
1731 1431 1777 1467 et

288 1504 347 1530 ex
373 1491 488 1531 veris
519 1491 635 1538 inde,
664 1504 797 1531 omne
823 1491 940 1531 enim
968 1490 1434 1550 jucundumffcaeleste
1465 1490 1508 1530 in
1534 1489 1619 1530 illis
1645 1495 1691 1531 et
1717 1503 1776 1530 ex

287 1552 372 1596 illis
394 1559 463 1593 est
482 1567 489 1603 ;
524 1553 789 1594 lamentatio
811 1567 941 1606 super
964 1553 1006 1593 id
1034 1553 1300 1606 intelligitur
1322 1566 1399 1606 per
1423 1552 1563 1593 “flere
1585 1551 1778 1599 fletum‚”

289 1615 538 1668 deprivatio
565 1615 655 1668 ejus
686 1621 764 1669 per
790 1615 908 1669 quod
938 1614 1167 1657 “collecta
1192 1616 1249 1656 sit
1281 1615 1467 1664 laetitia,
1493 1621 1540 1656 et
1567 1614 1776 1668 gaudium

287 1692 345 1718 ex
373 1677 616 1726 Carmele‚''
639 1685 733 1719 tum
761 1692 838 1732 per
860 1679 978 1732 quod
1004 1683 1246 1720 “vastator
1271 1678 1482 1719 ceciderit
1508 1691 1639 1731 super
1663 1676 1777 1726 illa,'’

286 1741 405 1794 quod
423 1745 446 1760 “
459 1741 738 1789 cessaverit,’'
751 1749 795 1782 et
811 1741 931 1795 quod
949 1746 972 1761 “
987 1742 1134 1782 hedad
1150 1755 1239 1782 non
1255 1741 1402 1782 hedad
1420 1741 1453 1792 ;”
1476 1741 1641 1782 bonum
1656 1740 1776 1794 quod

286 1803 500 1851 ablatum,
526 1811 707 1857 propter
731 1805 851 1858 quod
877 1804 1157 1852 lamentatio,
1181 1803 1448 1856 intelligitur
1474 1817 1551 1857 per
1575 1801 1776 1844 “fructus

286 1866 525 1914 autumni‚''
543 1873 588 1907 et
608 1881 712 1907 vera
734 1867 838 1907 boni
857 1867 976 1920 quod
999 1866 1153 1907 ablata
1175 1880 1253 1920 per
1272 1866 1580 1907 “vindemiam
1593 1865 1612 1881 ”
1629 1871 1675 1907 et
1698 1878 1776 1919 per

288 1929 474 1968 “vinum
498 1929 540 1969 in
559 1929 853 1970 torcularibus
872 1929 904 1980 ;‘’
930 1929 1048 1984 quod
1067 1929 1349 1970 exulaverint
1370 1943 1474 1970 vera
1496 1935 1541 1970 et
1564 1929 1775 1982 perierint

286 2005 363 2044 per
381 1991 638 2040 scientifica,
658 1992 924 2046 intelligitur
942 2007 1019 2046 per
1039 1993 1214 2033 “vitem
1233 1991 1450 2040 Sibrriae‚”
1468 1998 1514 2032 et
1537 2005 1615 2045 per
1634 1994 1775 2045 “pro-

286 2055 472 2107 pagines
489 2054 580 2107 ejus
599 2056 717 2108 quod
740 2056 1029 2096 transiverint
1047 2068 1167 2096 mare
1186 2068 1322 2108 usque
1339 2054 1395 2094 ad
1418 2067 1539 2095 mare
1555 2053 1776 2107 Jaeseris”

289 2116 500 2170 (“mare”
526 2117 747 2169 significat
775 2117 1104 2171 scientificum).
1166 2117 1218 2158 In
1252 2116 1454 2166 Tkrenis,
1728 2130 1734 2135 ·

355 2211 514 2243 “Infans
538 2218 573 2243 et
597 2211 732 2244 lactens
756 2213 874 2245 deficit
899 2213 933 2244 in
958 2212 1085 2254 plateis
1109 2212 1227 2248 urbis:
1256 2213 1426 2243 matribus
1451 2213 1524 2243 suis
1548 2212 1678 2250 dicunt,
1706 2211 1775 2244 Ubi

459 2255 676 2287 frumentum
702 2263 736 2288 et
760 2258 906 2289 vinum?
936 2266 1043 2297 quum
1067 2256 1233 2288 deficiunt
1256 2256 1346 2287 sicut
1369 2255 1557 2287 confossus
1585 2256 1620 2287 in
1650 2255 1775 2296 plateis

458 2299 566 2381 prbis.
587 2309 665 2382 εαξη
690 2300 883 2332 effunditur
898 2301 1019 2331 anima
1042 2309 1164 2331 eorum
1189 2309 1295 2340 super
1310 2299 1427 2331 sinum
1452 2304 1604 2330 matrum
1622 2308 1745 2330 eorum
1755 2298 1775 2311 ''

472 2352 507 2374 ιι.
525 2351 574 2380 11,
591 2351 629 2373 12
656 2354 662 2375 :

253 2430 263 2437 ⁸
284 2432 394 2472 haec
413 2432 550 2472 verba
567 2433 804 2473 continent
827 2432 1198 2483 lamentationem
1221 2445 1352 2485 super
1369 2430 1621 2472 Ecclesiam
1637 2430 1773 2483 Juda-

284 2495 414 2542 icam,
438 2494 557 2547 quod
584 2508 716 2535 omne
743 2495 909 2535 bonum
936 2501 982 2536 et
1004 2507 1158 2536 verum
1184 2493 1275 2547 ejus
1298 2494 1579 2547 deperditum
1606 2494 1690 2544 sit;
1721 2507 1773 2534 ac

285 2556 550 2611 lamentatio
572 2557 835 2598 describitur
857 2571 935 2611 per
958 2557 1211 2598 “infantem
1233 2562 1279 2597 et
1302 2555 1547 2597 lactentem
1570 2556 1642 2609 qui
1665 2555 1773 2596 defi-

285 2620 407 2660 ciunt
424 2619 467 2659 in
474 2619 648 2687 plateis
664 2620 795 2669 urbis,
811 2627 857 2661 et
876 2621 1030 2661 dicunt
1045 2619 1260 2660 matribus
1275 2618 1377 2668 suis,
1394 2618 1485 2659 Ubi
1503 2618 1773 2659 frumentum

284 2689 330 2722 et
357 2668 560 2722 vinum?’'
621 2683 733 2723 Per‘
742 2684 982 2724 ‘infantem
1008 2675 1054 2724 et
1081 2680 1357 2723 lactentem”
1379 2680 1686 2751 significantur
1710 2680 1773 2721 illi

283 2745 357 2798 qui
393 2745 436 2784 in
468 2745 588 2785 bono
619 2746 904 2787 innocentiae
935 2752 1053 2794 sunt,
1087 2751 1133 2786 et
1163 2742 1390 2785 abstracte
1426 2745 1568 2797 ipsum
1605 2744 1772 2784 bonum

283 2808 566 2848 innocentiae
585 2822 593 2858 ;
624 2821 701 2861 per
717 2808 802 2849 hoc
820 2809 986 2849 bonum
1004 2807 1269 2860 intelligitur
1286 2802 1418 2848 omne
1440 2807 1606 2847 bonum
1626 2805 1771 2847 eccle-

283 2868 390 2938 siae,
413 2869 516 2921 quia
542 2868 626 2909 hoc
653 2875 722 2909 est
749 2869 995 2915 essentiale
1021 2869 1222 2910 omnium
1247 2868 1470 2918 bonorum
1496 2867 1590 2920 ejus
1616 2877 1773 2916 (videatur
