2008 3360
574 340 680 372 CAP.
703 340 783 380 V1.‚
806 340 944 372 VERs.
974 339 1143 371 12.—N.
1164 327 1328 383 4o1[e].
1613 329 1692 371 881

203 451 470 495 doetrinalia
490 466 605 507 quae
631 467 689 494 ex
713 453 834 494 bono
859 451 984 507 (nam
1006 452 1158 493 omnia
1178 465 1286 492 vera
1307 448 1556 499 doctrinae,
1581 464 1696 504 quae

203 517 412 569 genuina,
446 515 698 569 procedunt
735 530 795 557 ex
832 516 968 564 bono,
1001 521 1048 557 et
1079 520 1186 555 sunt
1221 512 1366 567 boni),
1400 519 1446 555 et
1481 512 1696 566 “lapides

202 578 462 620 carbunculi
474 578 494 594 '’
510 577 768 632 significant
783 578 960 619 illorum
976 577 1265 631 splendorem
1282 590 1341 617 ex
1359 575 1481 616 bono
1501 590 1510 626 ;
1538 589 1696 617 omnes

202 642 323 682 enim
357 641 569 695 “lapides
601 642 787 695 pretiosi
801 641 820 656 ’⁸
843 641 1101 694 significant
1132 653 1239 681 vera
1269 653 1330 680 ex
1362 638 1510 690 bono;
1555 638 1694 687 color,

201 704 418 758 splendor
448 711 494 745 et
531 705 648 757 ignis
679 717 835 745 eorum
874 705 1122 757 indigitant
1154 701 1287 757 quale
1318 702 1413 743 veri
1448 716 1509 743 ex
1545 701 1694 742 bono:

202 780 282 820 per
319 770 528 820 “ponam
564 780 747 807 omnem
788 766 923 807 finem
960 779 1115 807 eorum
1155 767 1200 806 in
1241 764 1416 819 lapides
1452 764 1662 805 desiderii
1676 763 1696 779 ’'

202 829 481 883 significatur
511 829 632 884 quod
658 844 765 871 vera
795 829 1058 877 scientifica,
1085 843 1200 883 quae
1232 827 1451 869 naturalis
1483 827 1693 877 hominis,

202 906 262 933 ex
285 893 406 933 bono
423 906 616 933 amoena
633 899 679 933 et
698 892 895 946 jucunda
912 899 1043 933 erunt
1061 907 1070 943 ;
1098 906 1176 946 per
1196 895 1220 912 ‘⁴
1233 891 1368 932 finem
1380 890 1399 906 ”
1417 892 1536 932 enim
1552 890 1696 931 simile

202 955 475 1009 intelligitur
500 956 620 1009 quod
647 969 725 1009 per
745 954 1169 1003 “fundamentum,'’
1194 961 1241 996 et
1267 953 1354 995 hoc
1381 960 1452 995 est
1478 953 1696 994 naturalis

202 1017 356 1067 homo,
381 1019 483 1072 quia
504 1020 548 1059 in
570 1018 658 1059 illis
676 1032 790 1072 quae
813 1019 886 1067 ibi,
911 1019 1213 1059 terminantur
1233 1017 1353 1058 bona
1374 1023 1421 1058 et
1439 1030 1545 1057 vera
1567 1017 1696 1069 spiri·

203 1080 339 1121 tualis
370 1081 592 1132 hominis;
625 1088 672 1122 et
701 1081 912 1135 “lapides
944 1081 1153 1122 desiderii
1165 1080 1185 1096 '’
1210 1086 1316 1121 sunt
1346 1094 1453 1121 vera
1484 1094 1543 1121 ex
1575 1079 1697 1120 bono

202 1156 396 1184 amoena
431 1150 478 1185 et
513 1143 735 1197 jucunda:
778 1158 857 1198 per
886 1143 964 1185 illa
1002 1144 1321 1197 intelliguntur
1359 1142 1479 1183 bona
1504 1148 1551 1183 et
1591 1156 1698 1183 vera

203 1205 359 1256 Verbi,
377 1220 493 1261 quae
509 1207 627 1260 apud
646 1206 747 1248 illos
765 1208 839 1261 qui
861 1221 885 1248 e
908 1220 1026 1247 nova
1042 1206 1248 1255 ecclesia,
1268 1220 1383 1260 quae
1405 1205 1516 1246 talia
1538 1211 1694 1246 erunt:

204 1269 324 1322 quod
359 1269 498 1310 “sol'’
529 1269 753 1323 significet
786 1270 954 1311 bonum
985 1270 1164 1317 amoris,
1198 1275 1327 1323 patet
1363 1270 1503 1310 etiam
1534 1282 1595 1310 ex
1626 1282 1695 1317 eo,

203 1332 325 1387 quod
350 1333 558 1374 dicantur
585 1333 743 1374 “soles
759 1333 778 1349 ”
804 1334 849 1374 in
874 1333 1048 1387 plurali.
1110 1332 1249 1386 Apud
1273 1331 1480 1381 Hz'obum,

273 1422 296 1437 ‘⁶
309 1421 404 1454 Num
418 1422 582 1460 laetatus,
594 1422 689 1463 quod
703 1422 835 1453 multae
849 1422 1037 1453 facultates
1052 1421 1150 1459 mihi,
1165 1427 1200 1453 et
1213 1420 1308 1462 quod
1321 1420 1486 1461 ingentes
1499 1420 1700 1452 invenisset

378 1475 507 1497 manus
521 1467 625 1498 mea?
648 1476 734 1497 num
748 1466 822 1497 vidi
839 1466 954 1497 lucem
973 1466 1067 1507 quod
1081 1465 1295 1505 splenderet,
1312 1470 1347 1496 et
1360 1465 1482 1496 lunam
1494 1464 1590 1505 quod
1603 1463 1701 1495 clara

378 1509 647 1550 ingrederetur?
669 1516 705 1541 et
721 1510 863 1541 seduxit
881 1519 919 1541 se
944 1509 981 1540 in
1006 1509 1146 1540 occulto
1170 1517 1232 1540 cor
1248 1517 1378 1547 meum,
1398 1514 1436 1540 et
1457 1508 1621 1539 osculata
1644 1513 1699 1539 est

378 1563 506 1585 manus
522 1563 604 1585 mea
619 1563 661 1585 os
677 1563 798 1585 meum
807 1553 841 1586 ?'’
858 1552 966 1594 (xxxi.
983 1561 1090 1592 25-27
1103 1551 1125 1593 :)

204 1654 285 1695 per
308 1640 422 1682 haec
453 1642 498 1682 in
530 1655 665 1682 sensu
691 1641 910 1695 spirituali
936 1640 1208 1693 intelligitur
1231 1639 1351 1694 quod
1378 1653 1469 1680 non
1500 1653 1560 1680 ex
1594 1653 1697 1693 pro·

205 1704 302 1757 prio
333 1705 620 1758 acquisiverit
653 1705 737 1745 sibi
768 1703 1136 1757 intelligentiam,
1164 1708 1211 1744 et
1246 1703 1366 1756 quod
1398 1716 1489 1743 non
1525 1717 1585 1743 ex
1617 1702 1694 1743 illa

205 1768 288 1808 sibi
314 1769 523 1808 meritum
551 1767 705 1808 fecerit
729 1774 775 1808 et
802 1766 1023 1820 gloriatus
1050 1767 1138 1816 sit3
1171 1779 1276 1807 nam
1305 1769 1330 1786 ‘⁴
1351 1765 1470 1806 Num
1493 1765 1693 1807 laetatus

204 1831 326 1885 quod
359 1830 530 1872 multae
561 1830 804 1871 facultates
827 1830 949 1879 mihi,
977 1836 1024 1870 et
1055 1829 1176 1883 quod
1207 1830 1418 1882 ingentes
1449 1829 1697 1870 invenisset

205 1907 365 1934 manus
392 1907 493 1935 mea
507 1893 546 1934 ?”
578 1893 803 1947 significat
830 1906 936 1933 num
967 1892 1189 1945 gloriatus
1215 1893 1273 1933 sit
1305 1891 1425 1946 quod
1456 1892 1496 1932 ei
1527 1891 1696 1932 intelli-

206 1957 378 2009 gentia,
403 1963 449 1998 et
471 1957 591 2010 quod
614 1971 673 1998 ex
697 1957 877 2010 proprio
899 1956 981 1996 sibi
1003 1955 1127 1996 illam
1149 1955 1488 2008 acquisivisset3
1524 1954 1700 1995 “facul-

206 2025 330 2060 tates
342 2018 361 2034 ’'
383 2026 488 2060 sunt
511 2020 798 2073 cognitiones
821 2019 926 2059 boni
949 2024 995 2059 et
1018 2018 1124 2066 veri,
1144 2031 1222 2071 per
1243 2031 1354 2071 quas
1377 2016 1698 2071 intelligentia,

206 2088 253 2122 et
282 2082 440 2136 “quod
478 2083 689 2136 ingentes
721 2082 984 2129 invenisset,
1013 2094 1172 2121 manus
1203 2093 1304 2121 mea
1318 2080 1357 2120 ?'’
1373 2086 1459 2139 =est
1496 2093 1603 2121 num
1640 2095 1699 2122 ex

205 2146 386 2199 proprio
417 2138 754 2200 acquisivisset:
796 2149 940 2185 “num
972 2144 1062 2185 vidi
1094 2144 1240 2185 lucem
1268 2144 1389 2198 quod
1421 2143 1699 2197 splenderet,

205 2215 252 2248 et
291 2208 443 2249 lunam
476 2209 596 2262 quod
633 2208 754 2249 clara
790 2207 1102 2260 ingrederetur
1117 2206 1156 2246 ?”
1196 2206 1421 2259 significat
1454 2220 1561 2247 num
1593 2221 1700 2247 vera

206 2271 469 2324 spiritualia,
503 2285 618 2325 quae
648 2271 818 2312 faciunt
850 2269 1204 2322 intelligentiam
1239 2268 1410 2323 (“lux”
1441 2275 1488 2310 et
1523 2268 1699 2310 “luna'’

205 2333 462 2387 significant
484 2348 591 2375 vera
616 2332 914 2387 spiritualia):
950 2336 1036 2373 “et
1062 2332 1246 2373 seduxit
1269 2346 1317 2373 se
1343 2333 1388 2373 in
1409 2331 1593 2373 occulto
1620 2345 1698 2373 cor

206 2410 370 2445 meum,
404 2403 451 2438 et
482 2396 688 2437 osculata
720 2402 790 2437 est
824 2409 983 2436 manus
1016 2408 1117 2436 mea
1148 2409 1199 2436 os
1231 2408 1381 2436 meum
1399 2394 1437 2436 ?’'
1475 2394 1702 2448 significat

206 2472 313 2500 num
349 2460 454 2500 inde
490 2460 612 2500 intus
653 2458 876 2512 gloriatus
912 2459 1010 2507 sim,
1044 2464 1091 2499 et
1127 2471 1234 2498 num
1264 2458 1588 2499 vindicaverim
1624 2457 1702 2498 illa

211 2522 334 2563 mihi.
395 2521 534 2576 Apud
558 2522 854 2570 Matthaeum,

274 2611 360 2645 “Ut
382 2612 461 2644 sitis
485 2612 547 2644 filii
574 2612 690 2644 Patris
714 2612 826 2643 vestri
850 2611 909 2652 qui
934 2611 970 2642 in
995 2611 1114 2648 caelis,
1138 2611 1198 2652 qui
1215 2611 1330 2643 solem
1347 2621 1452 2643 suurn
1469 2611 1601 2643 exoriri
1618 2611 1704 2644 facit

381 2666 489 2697 super
506 2656 621 2688 malos
638 2662 674 2688 et
690 2657 819 2694 bonos,
838 2662 874 2687 et
898 2655 1056 2696 pluviam
1073 2655 1185 2687 mittit
1201 2665 1310 2696 super
1324 2655 1442 2697 justos
1459 2662 1495 2687 et
1518 2655 1673 2696 injustos
1685 2655 1703 2666 '⁸

380 2699 428 2740 (v.
447 2699 522 2741 45)=

206 2788 356 2841 agitur
377 2788 435 2829 ibi
458 2788 515 2829 de
537 2787 762 2829 charitate
785 2800 893 2840 erga
915 2786 1187 2840 proximum,
1208 2792 1258 2827 ut
1280 2793 1410 2840 patet
1433 2786 1491 2827 ab
1512 2792 1700 2827 antece-

206 2850 419 2891 dentibus
441 2857 488 2892 et
511 2850 803 2904 sequentibus
826 2850 899 2898 ibi,
923 2856 970 2890 et
992 2850 1036 2889 in
1059 2850 1208 2902 specie
1230 2850 1286 2890 de
1306 2850 1503 2902 Judaeis,
1524 2850 1598 2902 qui
1620 2862 1701 2901 pro

206 2914 397 2954 inimicis
416 2914 648 2955 habebant
662 2920 842 2966 gentes,
858 2919 904 2953 et
923 2926 1004 2966 pro
1018 2914 1172 2953 amicis
1187 2927 1291 2953 suos
1309 2927 1318 2964 ;
1345 2912 1465 2966 quod
1483 2912 1585 2952 illos
1600 2911 1700 2951 dili-

206 2983 367 3030 gerent
385 2991 527 3031 aeque
544 2990 595 3018 ac
614 2990 732 3026 suos,
752 2976 1005 3018 illustratur
1022 2990 1048 3016 a
1066 2975 1264 3017 Domino
1281 2990 1360 3030 per
1378 2975 1494 3016 hanc
1514 2987 1701 3028 compa-
