2008 3432
584 357 692 391 CAP.
714 358 794 400 vr,
818 359 957 392 VERs.
980 359 1126 395 2,-Ν.
1150 349 1326 406 355[f].
1618 351 1698 395 681

208 471 336 526 equis
350 470 385 522 ;”
415 484 496 525 per
526 471 861 525 “hyacinthum
875 471 895 487 ”
924 486 1014 526 quo
1044 472 1200 513 vestiti
1231 471 1511 526 significatur
1540 472 1701 514 falsum

208 547 433 588 apparens
459 534 575 575 sicut
597 548 768 582 verum,
793 535 914 589 quod
940 535 989 576 fit
1012 535 1229 589 imprimis
1251 550 1331 589 per
1347 535 1702 589 applicationem

208 610 365 638 sensus
391 596 572 638 litterae
595 597 736 638 Verbi
762 599 820 639 ad
846 598 1063 652 principia
1089 597 1200 639 falsi.
1262 597 1400 652 Apud
1423 598 1685 649 Jeremiam,

276 685 344 718 “A
362 685 464 717 Dane
481 686 622 717 auditus
638 692 694 718 est
710 687 890 719 rhonchus
907 697 1079 733 equorum
1098 686 1188 728 ejus,
1209 697 1231 718 a
1246 697 1334 718 voce
1352 687 1556 718 hinnituum
1573 679 1701 719 robus-

380 735 497 761 torum
522 730 600 770 ejus
624 731 839 762 contremuit
862 737 938 762 tota
961 737 1067 768 terra,
1085 737 1121 762 et
1138 737 1316 762 venerunt
1339 737 1375 762 et
1399 737 1701 771 consumpserunt

379 779 510 804 terram
523 781 558 804 et
572 774 829 814 plenitudinem
845 774 934 815 ejus,
954 772 1111 817 [urbem]
1125 781 1161 806 et
1173 775 1374 806 habitantes
1388 775 1424 805 in
1442 774 1512 806 ea”
1525 774 1611 815 (viii.
1627 774 1699 815 16):

203 857 309 911 quid
326 871 405 911 per
424 861 450 878 “
463 858 642 899 Danem
657 858 677 873 ’'
698 859 985 912 intelligitur,
1004 873 1137 913 supra
1151 860 1194 900 in
1213 859 1299 900 hoc
1318 859 1511 900 articulo
1528 858 1698 900 dictum

202 927 289 970 est,
316 921 437 975 quod
470 935 634 975 nempe
659 936 814 962 verum
847 924 892 963 in
920 937 1001 964 suo
1027 923 1215 973 ultimo;
1247 922 1334 964 hoc
1361 936 1516 964 verum
1547 923 1591 963 in
1622 936 1698 964 ec-

202 982 342 1024 clesia
366 990 437 1024 est
463 985 582 1037 quod
615 985 875 1026 continetur
900 987 943 1026 in
975 982 1109 1027 sensu
1135 985 1317 1026 litterae
1344 985 1514 1036 Verbi;
1547 986 1621 1039 qui
1650 986 1695 1026 in

201 1044 288 1087 hoc
321 1046 420 1087 solo
457 1053 658 1096 manent,
692 1054 739 1088 et
777 1061 867 1088 non
904 1049 948 1089 id
990 1048 1148 1102 legunt
1186 1062 1246 1090 ex
1277 1047 1484 1090 doctrina
1514 1049 1698 1102 genuini

200 1109 307 1157 veri,
350 1123 464 1163 quae
508 1111 645 1152 ducat
683 1117 730 1152 et
772 1111 984 1160 illustret,
1030 1113 1075 1152 in
1120 1111 1267 1152 omnis
1304 1112 1485 1164 generis
1525 1125 1698 1153 errores

199 1171 359 1212 auferri
398 1180 618 1226 possunt;
665 1173 711 1214 hi
750 1175 823 1227 qui
860 1174 1118 1216 auferuntur
1158 1176 1202 1216 in
1240 1188 1413 1216 errores
1451 1189 1530 1215 seu
1567 1174 1695 1226 falsa,

199 1234 516 1288 intelliguntur
540 1235 611 1277 hic
640 1250 719 1290 per
746 1237 1004 1286 “Danem‚'’
1030 1234 1316 1279 confirmatio
1347 1237 1565 1278 salsorum
1591 1237 1697 1279 inde

199 1311 279 1351 per
306 1298 603 1339 “rhonchum
636 1313 853 1354 equorum
885 1300 1018 1353 ejus,”
1049 1307 1096 1342 et
1127 1300 1469 1342 falsificationes
1495 1301 1587 1341 veri
1617 1314 1697 1354 per

201 1363 400 1402 “vocem
432 1361 687 1403 hinnituum
714 1363 1001 1404 robustorum
1034 1363 1126 1416 ejus
1150 1363 1184 1414 ;”
1218 1364 1429 1405 “robusti
1442 1363 1461 1378 ’‘
1487 1364 1697 1405 dicuntur

197 1437 259 1464 ex
289 1422 465 1473 fiducia,
493 1426 595 1479 quia
625 1439 685 1466 ex
717 1439 852 1466 sensu
889 1426 1069 1467 litterae
1092 1426 1247 1476 Verbi,
1279 1427 1400 1480 quod
1443 1426 1605 1467 falsum
1636 1427 1695 1468 sit

196 1500 377 1527 verum:
420 1488 541 1541 quod
572 1488 677 1529 inde
708 1489 902 1529 ecclesia
928 1490 1076 1543 quoad
1108 1489 1202 1542 ejus
1228 1504 1334 1530 vera
1365 1496 1412 1531 et
1443 1490 1564 1531 bona
1588 1504 1692 1531 vas-

197 1555 334 1599 tetur,
362 1550 641 1604 significatur
662 1565 742 1605 per
770 1554 1084 1594 “contremuit
1117 1560 1218 1594 tota
1244 1559 1377 1602 terra,
1402 1560 1448 1594 et
1472 1560 1694 1595 venerunt

196 1617 244 1653 et
261 1621 639 1667 consumpserunt
658 1621 826 1655 terram
846 1622 892 1655 et
913 1615 1242 1668 plenitudinem
1259 1615 1352 1668 ejus
1370 1623 1416 1657 et
1431 1616 1693 1658 habitantes

195 1675 241 1715 in
272 1689 352 1726 ea;
394 1680 552 1718 “terra
567 1677 586 1692 ''
618 1684 688 1718 est
718 1677 929 1726 ecclesia,
967 1678 1245 1732 “plenitudo
1277 1679 1370 1731 ejus
1385 1679 1404 1694 ''
1435 1686 1540 1720 sunt
1571 1694 1691 1730 vera,

195 1743 243 1779 et
272 1738 576 1781 “habitantes
600 1740 644 1781 in
671 1754 725 1781 ea
740 1740 760 1755 ’'
786 1748 892 1782 sunt
919 1741 1051 1782 bona.
1113 1741 1254 1796 Apud
1279 1742 1483 1791 Esaiam,

266 1833 450 1866 “Sustulit
472 1835 616 1876 signum
643 1837 810 1876 gentibus
827 1847 846 1868 e
863 1837 1074 1878 longinquo,
1094 1844 1130 1869 et
1153 1838 1310 1870 sibilavit
1333 1839 1383 1870 illi
1405 1839 1452 1870 ab
1468 1839 1693 1871 extremitate

370 1884 497 1917 terrae,
518 1886 553 1911 et
577 1889 658 1911 ecce
682 1881 753 1911 cito
770 1881 877 1912 velox
894 1881 1062 1912 adveniet
1078 1891 1102 1918 ;.
1116 1906 1124 1913 .
1137 1906 1145 1914 .
1159 1881 1275 1922 ,cujus
1292 1882 1364 1913 tela
1379 1889 1494 1920 acuta,
1514 1889 1548 1914 et
1565 1893 1692 1915 omnes

367 1932 470 1954 arcus
487 1923 565 1963 ejus
585 1924 690 1961 tensi,
710 1924 866 1964 ungulae
883 1934 1056 1965 equorum
1074 1924 1156 1965 ejus
1178 1925 1270 1957 sicut
1289 1936 1394 1967 rupes
1418 1933 1637 1967 reputantur,
1656 1933 1693 1959 et

368 1972 468 1998 rotae
484 1966 562 2007 ejus
579 1967 670 1999 sicut
688 1968 845 2008 procella
855 1967 872 1979 '’
890 1968 937 2008 (v.
953 1968 1005 2006 26,
1020 1967 1094 2009 28):

193 2058 332 2100 etiam
349 2058 421 2100 hic
439 2060 590 2112 agitur
606 2060 662 2101 de
680 2060 767 2101 illis
779 2061 854 2114 qui
872 2061 915 2101 in
934 2060 1103 2102 ultimis
1114 2067 1219 2103 sunt
1237 2063 1386 2116 quoad
1405 2062 1689 2105 intellectum

192 2122 286 2162 veri
325 2127 373 2163 et
412 2123 563 2176 quoad
605 2124 946 2177 perceptionem
986 2124 1093 2165 boni
1113 2139 1123 2175 ;
1165 2125 1324 2166 ultima
1360 2125 1437 2167 illa
1468 2130 1691 2168 vocantur

192 2182 436 2232 sensualia,
453 2197 569 2237 quae
591 2190 697 2225 sunt
716 2185 878 2225 ultima
895 2185 1116 2226 naturalis
1133 2185 1330 2227 hominis
1346 2197 1401 2235 (de
1415 2198 1532 2235 quibus
1546 2198 1691 2228 videatur

191 2252 224 2281 in
243 2253 402 2283 Doctrina
413 2255 523 2283 Novae
535 2255 778 2292 Hierosolymae‚
794 2254 923 2293 n.[·150)
940 2258 949 2284 ε
981 2258 1041 2285 ex
1062 2245 1151 2286 illis
1169 2248 1394 2299 separatis
1415 2261 1442 2287 a
1463 2247 1688 2300 spirituali

191 2303 375 2346 homine
401 2307 651 2347 scaturiunt
678 2307 829 2347 omnia
855 2306 975 2347 mala
999 2314 1046 2348 et
1071 2307 1183 2349 falsa
1208 2322 1323 2362 quae
1349 2310 1393 2349 in
1419 2309 1615 2350 ecclesia
1638 2317 1686 2351 et

190 2366 235 2407 in
257 2366 349 2420 ejus
371 2366 576 2410 doctrina
596 2383 606 2420 3
638 2369 758 2410 mala
780 2370 884 2410 inde
911 2369 1219 2422 significantur
1240 2385 1319 2425 per
1343 2375 1546 2425 “gentes
1569 2387 1684 2427 quae

190 2430 376 2471 venient
402 2444 426 2471 e
453 2430 743 2485 longinquo,'’
769 2438 815 2473 et
841 2432 955 2472 salsa
980 2446 1060 2486 per
1081 2432 1206 2473 illum
1229 2434 1303 2487 qui
1329 2435 1496 2476 “venit
1522 2435 1580 2476 ab
1601 2450 1685 2476 ex-

190 2492 424 2534 tremitate
457 2499 604 2535 terrae
625 2494 659 2545 ;''
694 2494 1061 2548 “longinquum'’
1083 2501 1129 2536 et
1159 2497 1472 2538 “extremitas
1504 2503 1652 2539 terrae
1666 2498 1687 2514 ”

190 2554 449 2608 significant
470 2556 549 2597 illa
570 2571 685 2611 quae
707 2563 885 2598 remota
907 2563 1012 2599 sunt
1034 2571 1060 2598 a
1076 2559 1192 2599 veris
1215 2565 1262 2600 et
1285 2559 1413 2600 bonis
1436 2559 1683 2602 ecclesiae:

189 2631 269 2671 per
292 2618 425 2660 “tela
450 2633 565 2673 quae
587 2620 761 2669 acuta,”
779 2626 826 2661 et
853 2634 931 2674 per
949 2624 975 2640 ‘⁶
990 2633 1119 2661 arcus
1144 2622 1218 2675 qui
1243 2622 1402 2671 tensi,''
1424 2622 1683 2676 significan—

189 2687 263 2722 tur
291 2681 406 2722 falsa
441 2681 673 2724 doctrinae
711 2689 871 2736 parata
906 2683 965 2724 ad
1002 2684 1329 2726 destruendum
1361 2699 1493 2736 vera;
1527 2692 1574 2727 et
1605 2700 1685 2740 per

191 2744 421 2798 “ungulas
439 2759 654 2799 equorum
672 2760 786 2800 quae
803 2747 919 2787 sicut
936 2760 1068 2800 rupes
1079 2748 1387 2801 reputantur,”
1408 2755 1455 2789 et
1473 2762 1551 2803 per
1571 2753 1596 2769 “
1608 2763 1683 2790 ro-

189 2812 261 2848 tas
305 2807 398 2860 ejus
438 2822 552 2861 quae
592 2809 708 2849 sicut
754 2808 995 2862 procella,”
1039 2809 1350 2862 significantur
1390 2811 1551 2852 ultima
1590 2812 1682 2853 veri

187 2869 338 2923 qualia
367 2877 472 2911 sunt
498 2885 613 2925 quae
639 2872 683 2911 in
710 2885 846 2912 sensu
877 2871 1059 2914 litterae
1082 2872 1237 2922 Verbi,
1265 2887 1317 2914 ac
1350 2875 1680 2927 argumentati·

187 2946 299 2974 ones
324 2939 371 2974 et
394 2933 763 2974 confirmationes
784 2933 882 2974 falsi
908 2948 987 2988 per
1008 2935 1086 2976 illa
1102 2935 1135 2987 ;’'
1169 2936 1404 2990 “ungulae
1431 2936 1681 2990 equorum'’

187 3001 293 3038 sunt
319 2995 479 3038 ultima
503 2995 776 3047 intellectuS,
799 2996 871 3038 hie
897 2997 1157 3040 intellectus
1182 3000 1392 3053 perversi,
1417 3000 1518 3054 quia
1544 3013 1675 3054 sepa-
