2008 3360
606 229 712 262 CAP.
735 228 815 269 vr,
839 227 977 260 VERs.
1000 216 1147 258 6.-—N.
1173 213 1418 269 375[e:vffi.>].
1665 213 1743 268 761

329 342 444 376 “Filii
467 342 591 374 Zionis
615 342 779 382 gaudete,
799 347 835 372 et
851 339 1035 372 laetamini
1051 339 1087 370 in
1104 337 1268 380 Jehovah
1287 337 1364 369 Deo
1382 334 1548 375 fflvestro,
1569 337 1651 378 quia
1666 337 1747 368 dedi

433 386 536 418 vobis
554 386 711 426 pluviam
729 385 978 425 tempestivam
1003 384 1038 414 in
1063 382 1236 423 justitiam
1242 406 1334 419 .....
1341 387 1380 412 ut
1404 381 1532 421 plenae
1557 381 1629 412 sint
1645 391 1749 412 areae

433 430 613 462 frumento
630 439 731 470 puro,
747 429 929 460 exundent
945 426 1135 460 torcularia
1147 431 1303 458 mustum
1317 431 1353 456 et
1372 425 1489 456 oleum
1501 424 1519 436 ”
1537 425 1586 464 (ii.
1604 432 1656 463 23,
1673 425 1728 463 24)
1742 434 1749 456 2

258 526 397 568 etiam
428 525 487 566 ibi
519 538 598 578 per
631 528 866 565 “mustum
899 529 945 564 et
983 522 1132 564 oleum
1147 521 1166 536 ‘’
1202 519 1482 574 significatur
1513 531 1669 560 verum
1702 524 1748 558 et

258 589 425 630 bonum
457 587 703 637 ecclesiae;
745 600 850 627 nam
882 600 961 639 per
994 585 1146 626 “filios
1178 583 1370 632 Zionis,”
1401 583 1458 623 ad
1491 596 1603 636 quos
1635 581 1747 621 haec

257 652 483 700 dicuntur,
517 650 828 704 significantur
859 650 922 690 illi
954 650 1026 703 qui
1058 649 1116 690 ab
1146 647 1368 697 ecclesia;
1402 660 1480 700 per
1514 645 1749 700 “pluviam

257 714 580 768 tempestivam
622 714 666 754 in
703 713 967 766 justitiam,’{
1006 711 1284 766 significatur
1325 710 1536 750 Divinum
1578 709 1749 749 Verum

257 777 444 819 influens
475 778 520 817 in
551 777 735 825 bonurn,
759 777 882 817 unde
908 789 1061 817 eorum
1089 773 1360 828 conjunctio,
1388 772 1672 814 frufflfieatio
1702 779 1749 813 et

258 840 604 894 multiplicatio;
637 846 684 880 et
711 853 789 893 per
818 843 986 880 “areas
1013 839 1171 892 plenas
1197 835 1423 878 frumento
1450 836 1583 890 puro‘’
1610 837 1749 889 signi-

257 903 416 945 ficatur
440 903 677 958 plenitudo
703 903 821 943 inde.
882 902 1020 956 Apud
1047 902 1255 950 eundem,

326 1002 348 1015 ‘⁸
361 1000 576 1032 Devastatus
593 1006 648 1031 est
664 1009 759 1040 ager,
779 999 868 1031 luxit
886 1005 989 1036 terra,
1007 999 1089 1040 quia
1105 999 1328 1030 devastatum
1347 1004 1403 1029 est
1419 997 1649 1034 frumentum,
1670 1007 1752 1029 exa-

432 1044 502 1076 ruit
518 1050 686 1081 mustum,
707 1043 854 1083 languet
871 1043 990 1074 oleum
1001 1042 1020 1054 '¹
1038 1042 1073 1082 (i.
1093 1042 1166 1082 10):

260 1154 337 1193 per
354 1139 466 1181 haec
494 1138 774 1192 significatur
796 1139 915 1193 quod
942 1139 1094 1179 omnia
1121 1137 1355 1186 ecclesiae,
1374 1151 1488 1191 quae
1514 1137 1558 1195 in
1585 1150 1752 1190 genere

260 1217 308 1244 se
348 1203 544 1244 referunt
581 1203 638 1243 ad
677 1203 845 1243 bonum
884 1203 1049 1243 amoris
1087 1208 1133 1243 et
1168 1214 1321 1242 verum
1356 1200 1473 1249 fidei,
1509 1200 1752 1241 devastata

259 1268 375 1317 sint;
425 1265 609 1319 “ager'’
647 1272 718 1307 est
755 1265 962 1313 ecclesia,
1005 1271 1051 1306 et
1092 1278 1270 1318 quoque
1312 1267 1338 1307 ἱ*
1355 1270 1474 1304 terra
1495 1263 1528 1314 ;”
1573 1263 1752 1316 “ager‘'

260 1329 454 1371 ecclesia
489 1344 549 1370 ex
589 1330 853 1383 receptione
885 1329 990 1377 veri,
1025 1334 1072 1369 et
1107 1327 1295 1368 “terra”
1326 1326 1520 1368 ecclesia
1560 1342 1619 1368 ex
1652 1341 1752 1381 per-

259 1394 471 1447 ceptione
502 1393 634 1434 boni:
684 1391 1029 1433 “frumentum''
1060 1397 1131 1432 est
1163 1404 1297 1432 omne
1334 1390 1441 1444 ejus,
1483 1394 1721 1432 “mustum
1735 1391 1754 1405 ”

259 1463 330 1498 est
356 1469 525 1506 verum,
547 1463 594 1496 et
613 1455 832 1497 “oleum”
858 1456 1039 1496 bonum.
1101 1454 1239 1508 Apud
1265 1453 1468 1503 Esaiam,

321 1552 518 1585 “Cantabo
536 1551 676 1584 Dileeto
694 1562 774 1584 meo
791 1552 968 1583 canticum
985 1551 1089 1582 amici
1106 1550 1191 1583 mei.
1206 1575 1214 1583 .
1227 1576 1234 1583 .
1250 1576 1257 1583 .
1277 1560 1284 1588 ;
1309 1551 1415 1582 vinea
1430 1551 1497 1582 fuit
1515 1549 1656 1582 Dilecsto
1673 1560 1755 1582 meo

435 1597 469 1628 in
487 1606 598 1628 cornu
615 1596 676 1628 filii
693 1596 774 1633 olei,
795 1605 900 1636 quarn
918 1595 1147 1626 circumdedit
1163 1601 1198 1626 et
1213 1595 1415 1635 elapidavit‚
1431 1601 1466 1626 et
1483 1595 1658 1635 plantavit
1674 1604 1754 1625 eam

434 1640 506 1672 vite
523 1641 634 1671 nobili
649 1649 672 1678 ;.
687 1665 695 1672 .
709 1665 716 1672 .
732 1646 782 1671 ,et
798 1638 1018 1680 exspeeiavit
1034 1645 1073 1670 ut
1089 1639 1221 1670 faceret
1237 1648 1336 1676 uvas,
1357 1639 1420 1670 sed
1443 1639 1527 1670 fecit
1543 1639 1725 1670 labruscas
1736 1638 1754 1649 ''

433 1683 481 1724 (v.
500 1682 547 1726 1[»
564 1681 634 1725 2]);

261 1793 339 1833 per
367 1780 584 1820 “vineam
615 1793 730 1833 quae
763 1776 944 1819 Dilecto
974 1778 1018 1818 in
1051 1791 1190 1818 cornu
1215 1776 1291 1818 filii
1322 1777 1450 1826 olei,'’
1476 1777 1756 1831 significatur

261 1842 455 1884 ecclesia
482 1842 744 1896 spiritualis,
772 1842 842 1883 cui
864 1855 970 1882 vera
996 1855 1055 1882 ex
1082 1841 1202 1881 bono
1224 1842 1402 1890 amoris,
1427 1842 1491 1882 ita
1517 1847 1754 1895 praestan-

262 1906 450 1954 tissima,
481 1905 681 1946 “vinea”
707 1906 826 1946 enim
850 1903 1075 1957 significat
1099 1903 1339 1945 ecclesiam
1362 1904 1657 1958 spiritualem,
1677 1918 1755 1944 seu

261 1968 503 2009 ecclesiam
529 1983 644 2023 quae
675 1970 719 2009 in
746 1969 861 2009 veris
887 1982 946 2008 ex
972 1967 1093 2008 bono
1119 1973 1216 2018 est;
1248 1967 1534 2021 inauguratio
1560 1967 1654 2020 ejus
1684 1968 1752 2008 in-

263 2031 486 2085 telligitur
511 2046 590 2085 per
617 2035 795 2073 “cornu
823 2030 940 2071 olei”
963 2044 1068 2071 nam
1091 2031 1458 2083 inaugurationes
1481 2030 1651 2072 fiebant
1678 2045 1756 2084 per

263 2094 412 2135 oleum
445 2108 504 2135 ex
537 2108 690 2143 cornu,
719 2108 770 2135 ac
801 2094 952 2134 “filius
984 2093 1102 2134 olei”
1126 2099 1196 2134 est
1222 2107 1375 2134 verum
1408 2108 1466 2134 ex
1499 2094 1645 2144 bon0;
1679 2108 1756 2147 per

265 2156 570 2199 “Dilectum''
602 2158 875 2211 intelligitur
908 2157 1144 2206 Dominus,
1177 2157 1279 2211 quia
1310 2157 1413 2211 Ipse
1439 2157 1656 2198 ecclesias
1689 2159 1755 2198 in-

262 2227 457 2269 staurat,·
483 2221 538 2262 de
565 2235 653 2275 quo
685 2222 787 2262 ideo
818 2221 981 2261 dicitur
1010 2223 1181 2273 “quarn
1213 2221 1509 2261 circumdedit
1536 2227 1583 2261 et
1616 2220 1756 2274 elapi-

263 2284 387 2325 davit
420 2290 466 2325 et
499 2284 727 2338 plantavit
755 2285 848 2325 vite
881 2282 1019 2324 nobili
1036 2283 1069 2333 ;”
1109 2284 1250 2324 “vitis
1281 2283 1474 2325 nobilis‘'
1500 2291 1570 2324 est
1604 2298 1755 2324 verum

263 2346 495 2400 spirituale
535 2362 594 2388 ex
636 2347 825 2388 caelesti
868 2361 945 2386 seu
985 2359 1139 2386 verum
1179 2360 1238 2387 ex
1278 2346 1399 2387 bono
1440 2347 1632 2397 amoris;
1679 2361 1757 2400 per

265 2415 411 2451 “uvas
422 2410 441 2425 ’⁹
481 2424 592 2464 quas
632 2408 919 2464 exspectavit
965 2414 1013 2449 ut
1057 2408 1240 2458 faceret,
1283 2409 1594 2462 significantur
1638 2410 1758 2450 bona

262 2472 514 2522 charitatis,
543 2487 658 2527 quae
684 2480 789 2514 sunt
815 2473 935 2513 bona
967 2472 1115 2522 vitae;
1148 2478 1194 2513 et
1220 2486 1299 2526 per
1327 2472 1595 2513 “labruscas
1606 2472 1625 2488 '³
1647 2487 1757 2527 quas

262 2535 368 2577 fecit
390 2536 702 2590 significantur
725 2536 845 2577 mala
871 2535 1084 2589 opposita
1109 2535 1239 2576 bonis
1261 2536 1512 2584 charitatis,
1537 2550 1615 2577 seu
1638 2536 1758 2577 mala

262 2599 398 2640 vitae.
458 2598 598 2653 Apud
623 2599 886 2647 Hosclzeam,

332 2696 355 2710 '⁶
367 2694 409 2726 In
427 2695 483 2726 die
500 2695 577 2727 illo.
592 2720 600 2727 .
613 2720 621 2727 .
636 2694 838 2727 ‚exaudiam
856 2693 986 2732 caelos,
1006 2699 1042 2725 et
1060 2694 1096 2725 hi
1115 2695 1307 2726 exaudient
1324 2702 1466 2732 terram,
1486 2702 1521 2727 et
1542 2702 1635 2727 terra
1650 2704 1758 2726 exau-

436 2739 510 2770 diet
526 2738 744 2770 frumentum
762 2743 797 2769 et
814 2743 969 2768 mustum
987 2743 1022 2768 et
1038 2737 1168 2775 oleum,
1185 2745 1219 2770 et
1235 2739 1322 2770 haec
1338 2739 1530 2770 exaudient
1546 2738 1732 2780 Jisreelem
1750 2747 1757 2775 ς

437 2788 474 2814 et
489 2782 676 2814 seminabo
693 2791 772 2813 eam
791 2780 880 2812 Mihi
897 2781 933 2812 in
951 2786 1045 2812 terra
1055 2780 1073 2792 '¹
1087 2780 1134 2821 (ii.
1152 2783 1272 2822 21-23)
1286 2792 1293 2820 ;

264 2870 377 2912 haec
410 2869 530 2912 dicta
555 2877 659 2912 sunt
692 2870 747 2911 de
775 2869 906 2911 Nova
933 2869 1140 2912 Ecclesia
1166 2885 1191 2912 a
1218 2871 1415 2912 Domino
1447 2871 1753 2913 instauranda,
