2008 3360
244 373 349 424 1238
653 381 988 414 APOCALYPSIS
1021 379 1322 413 EXPLICATA.

308 496 412 538 Quod
437 506 544 538 pecus
563 503 744 529 assaretur
763 496 855 537 igne,
876 503 911 527 et
931 505 1003 526 non
1024 500 1234 536 coqueretur
1252 493 1364 536 aquis,
1384 499 1420 526 et
1439 493 1533 536 quod
1552 493 1731 527 residuum

411 540 455 572 ad
473 550 578 572 mane
595 541 862 571 combureretur
880 540 961 579 igne
981 538 1106 579 (Exod.
1119 538 1180 570 xii.
1196 538 1226 576 8,
1240 535 1290 580 9[.
1307 535 1390 579 10]).

237 626 433 664 (Explicatio
452 626 568 655 horum
582 634 732 655 versuum
753 626 898 654 videatur
917 625 949 653 in
969 623 1107 653 Arcam‘s
1125 623 1320 658 Caelestibus,
1335 632 1367 653 n.
1382 621 1590 661 7852-7861.)
1649 610 1731 653 Di·

235 678 363 718 vinus
386 677 525 718 etiam
548 676 694 718 Amor
717 676 901 718 Domini
928 674 1272 728 significabatur
1294 688 1373 728 per
1397 674 1549 727 ignem
1576 673 1620 714 in
1643 686 1732 728 quo

237 741 457 781 Dominus
475 740 663 794 praeivit
682 738 781 779 filiis
801 737 980 779 Israelis
998 738 1042 778 in
1062 737 1259 787 deserto,
1276 737 1457 792 quando
1474 735 1730 791 proficisce-

234 803 424 854 bantur;
453 809 549 844 tum
572 816 651 856 per
671 802 826 855 ignem
849 814 982 854 super
1002 800 1224 841 Tentorio
1248 806 1503 842 conventus
1524 805 1731 854 ternpore

235 863 393 915 noctis,
418 866 473 907 de
500 866 659 919 quibus
685 866 748 906 ita
774 864 894 918 apud
921 863 1091 912 Mosen,

303 954 497 997 “Jehovah
514 955 587 987 ibat
603 965 722 987 coram
741 954 810 986 illis
828 954 982 986 interdiu
999 953 1035 985 in
1052 953 1219 985 columna
1235 953 1350 992 nubis,
1369 953 1415 986 ad
1430 953 1630 986 ducendum
1649 953 1731 985 illos

408 999 475 1036 via,
493 1006 527 1030 et
545 997 653 1030 noctu
671 999 706 1029 in
724 998 891 1030 columna
908 998 1001 1038 ignis
1018 997 1063 1029 ad
1079 997 1269 1029 lucendum
1283 997 1352 1029 illis
1365 1006 1388 1034 ς.
1403 1022 1411 1030 .
1424 1022 1432 1030 .
1447 1007 1528 1030 ,nec
1544 997 1731 1029 recedebat

408 1043 574 1074 columna
594 1043 697 1073 nubis
719 1042 883 1078 interdiu,
907 1051 971 1073 nec
991 1041 1158 1072 columna
1182 1041 1275 1082 ignis
1296 1039 1404 1072 noctu
1423 1050 1543 1073 coram
1568 1041 1701 1082 populo
1711 1040 1730 1052 '⁹

406 1087 530 1126 (Exod.
547 1086 620 1118 xiii.
638 1094 690 1124 21,
708 1094 747 1117 22
763 1095 770 1124 ;
794 1086 907 1117 Num.
925 1085 971 1116 ix.
991 1092 1116 1124 15-232
1141 1085 1265 1117 Deutr.
1282 1084 1304 1117 i.
1324 1085 1401 1125 33);

233 1168 280 1203 et
309 1161 428 1211 alibi,

301 1240 323 1252 ‘¹
335 1238 439 1280 Quod
453 1239 565 1269 nubes
574 1237 732 1279 Jehovae
743 1243 839 1269 esset
852 1247 960 1278 super
968 1237 1174 1269 habitaculo
1185 1236 1390 1274 interdiu‚et
1401 1236 1495 1277 ignis
1507 1234 1616 1268 noctu
1625 1236 1661 1269 in
1671 1246 1726 1276 eo,

407 1282 442 1313 in
461 1282 571 1313 oculis
589 1282 706 1313 omnis
724 1282 851 1313 domus
872 1281 1026 1319 Israelis,
1041 1282 1076 1313 in
1095 1280 1264 1313 omnibus
1281 1278 1561 1322 protectionibus
1575 1289 1698 1312 eorum
1710 1279 1729 1292 '⁹

406 1325 530 1365 (Exod.
547 1326 594 1357 xl.
609 1326 649 1364 38
665 1335 672 1363 ς
697 1325 829 1357 Psalm.
845 1335 900 1357 cv.
916 1333 968 1364 32,
984 1324 1058 1366 39):

231 1414 352 1468 quod
381 1414 561 1454 “nubes
593 1414 787 1454 interdiu
818 1413 1091 1467 apparuerit,
1119 1419 1166 1454 et
1198 1412 1314 1466 ignis
1346 1410 1522 1462 no&u,”
1547 1425 1726 1466 reprae-

232 1477 445 1518 sentabat
461 1477 714 1517 custodiam
730 1476 843 1518 caeli
861 1483 907 1517 et
923 1476 1145 1517 ecclesiae
1163 1489 1188 1516 a
1209 1475 1406 1516 Domino
1423 1489 1432 1526 ;
1460 1488 1538 1529 per
1553 1475 1726 1516 Taber-

232 1537 442 1580 na'culum
480 1540 599 1580 enirn
636 1539 1065 1593 repraesentabatur
1101 1538 1277 1579 caelum
1314 1544 1361 1579 et
1402 1538 1609 1587 ecclesia,
1648 1551 1728 1591 per

231 1602 407 1643 nubem·
435 1608 481 1643 et
523 1603 674 1655 ignem
712 1602 945 1651 custodia;
990 1602 1154 1643 “dies''
1190 1602 1325 1651 enim,
1365 1601 1547 1655 quando
1584 1601 1727 1642 nubes

231 1671 342 1713 erat,
371 1664 656 1718 significabat
684 1665 895 1706 Divinum
924 1665 1094 1706 Verum
1121 1665 1165 1706 in
1193 1664 1306 1714 luce,
1335 1670 1382 1705 et
1411 1662 1572 1705 “nox'’
1599 1663 1725 1704 Divi-

231 1740 336 1768 num
361 1727 530 1768 Verum
558 1729 601 1768 in
628 1729 811 1779 umbra;
845 1742 900 1770 ne
927 1728 1215 1770 laederentur
1240 1741 1265 1768 a
1291 1727 1427 1769 nimia
1449 1726 1548 1768 luce
1571 1733 1725 1768 custo-

230 1791 470 1832 diebantur
507 1805 584 1844 per
616 1792 795 1840 nubem,
830 1798 876 1832 et
916 1805 972 1833 ne
1010 1791 1298 1832 laederentur
1333 1804 1359 1832 a
1395 1791 1532 1831 nimia
1569 1791 1726 1831 umbra

230 1854 603 1895 custodiebantur
635 1869 713 1908 per
745 1855 897 1908 ignem
932 1855 1175 1896 lucentem.
1237 1853 1370 1907 Quod
1402 1853 1514 1895 haec
1544 1867 1725 1907 reprae-

231 1922 413 1957 sentata
438 1916 600 1958 fuerint
629 1931 707 1971 per
732 1917 822 1966 illa,
851 1924 1063 1958 constare
1090 1923 1244 1971 potest
1269 1915 1388 1970 apud
1414 1915 1617 1966 Esaiam,

298 2007 321 2021 ‘⁸
332 2005 475 2038 Creabit
491 2006 653 2048 Jehovah
670 2017 776 2048 super
792 2017 900 2039 omne
917 2007 1157 2039 habitaculum
1176 2006 1313 2039 Montis
1331 2006 1452 2038 Zionis
1468 2012 1502 2039 et
1519 2016 1627 2047 super
1642 2016 1727 2038 con-

403 2051 609 2082 vocationes
634 2051 712 2092 ejus
738 2052 868 2083 nubem
897 2052 1061 2089 interdiu,
1089 2061 1130 2083 ac
1154 2051 1290 2082 fumum
1315 2056 1350 2081 et
1374 2050 1602 2091 splendorem
1630 2050 1724 2091 ignis

402 2094 566 2125 flammae
584 2093 712 2132 noctu;
738 2105 820 2126 nam
839 2105 945 2136 super
958 2095 1057 2127 omni
1074 2095 1190 2135 gloria
1205 2095 1520 2134 obtegumentum;
1545 2100 1580 2126 et
1593 2093 1726 2126 Taber-

403 2139 567 2169 naculum
588 2139 654 2170 erit
679 2139 713 2170 in
739 2140 901 2170 umbram
928 2139 1082 2171 interdiu
1101 2140 1148 2170 ob
1167 2138 1342 2176 ardorem,
1365 2147 1405 2169 ac
1428 2138 1465 2169 in
1490 2138 1665 2179 retugium
1689 2143 1726 2170 et

402 2181 587 2213 latibulum
605 2188 730 2214 contra
746 2183 1016 2215 inundationem
1035 2189 1070 2214 et
1087 2183 1243 2223 pluviam
1255 2181 1273 2194 '’
1290 2182 1349 2222 (iv.
1368 2189 1398 2221 5,
1414 2181 1468 2222 6):

227 2277 306 2317 per
326 2263 672 2305 “habitaculum
696 2265 868 2307 Montis
891 2266 1043 2307 Zionis
1056 2265 1076 2281 ”
1094 2265 1371 2319 significatur
1388 2254 1556 2306 bonum
1575 2263 1723 2306 eccle-

229 2327 321 2367 siae
359 2326 583 2375 caelestis,
624 2334 670 2369 et
708 2342 786 2382 per
822 2330 1216 2370 “convocationes
1253 2327 1376 2381 ejus”
1412 2327 1725 2381 significantur

226 2403 333 2430 vera
369 2389 486 2429 illius
517 2390 653 2440 boni;
691 2392 898 2432 custodia
930 2405 985 2433 ne
1023 2392 1229 2433 laedatur
1259 2405 1284 2432 a
1316 2391 1452 2432 nimia
1488 2390 1587 2431 luce
1620 2396 1666 2431 et
1697 2402 1724 2431 a

227 2453 362 2493 nimia
404 2452 574 2501 umbra,
609 2454 890 2506 significatur
932 2469 1011 2509 per
1045 2456 1249 2496 “nubem
1290 2454 1523 2503 interdiu,''
1554 2467 1606 2495 ac
1644 2467 1724 2507 per

228 2514 432 2555 “sumum
460 2521 506 2556 et
532 2515 820 2568 splendorem
847 2518 964 2571 ignis
993 2517 1201 2558 flammae
1226 2516 1419 2568 no&u;”
1451 2531 1586 2571 quare
1613 2516 1721 2557 dici-

225 2583 310 2625 tur,
350 2578 467 2631 quod
509 2582 678 2632 “super
717 2581 839 2621 omni
877 2581 1022 2634 gloria
1059 2579 1479 2634 obtegumentum,'’
1517 2586 1563 2620 et
1601 2580 1722 2633 quod

229 2640 607 2681 “tabernaculum
642 2643 724 2683 erit
756 2643 800 2683 in
832 2644 1036 2684 umbram
1068 2644 1261 2684 interdiu
1288 2643 1346 2684 ob
1371 2643 1577 2683 ardorem
1598 2642 1632 2682 :'’
1663 2656 1720 2683 ne

226 2717 285 2743 ex
305 2703 440 2744 nimia
457 2702 556 2744 luce
573 2710 620 2745 et
638 2718 697 2745 ex
713 2706 847 2746 nimia
862 2707 1018 2747 umbra
1035 2706 1147 2747 falsa
1161 2707 1424 2760 irrumpant,
1442 2705 1721 2759 significatur

224 2779 303 2818 per
328 2766 447 2819 quod
473 2767 593 2807 “erit
621 2767 665 2807 in
691 2768 909 2822 refugium
935 2775 983 2810 et
1009 2768 1247 2810 latibulum
1273 2774 1434 2810 contra
1458 2768 1729 2809 inundatio-·

224 2843 327 2870 nem
354 2836 400 2870 et
426 2829 624 2883 pluviam
642 2830 676 2880 ;'‘
705 2832 978 2873 “inundatio
1004 2838 1051 2873 et
1077 2831 1227 2886 pluvia
1238 2831 1257 2847 '’
1280 2838 1350 2873 est
1371 2831 1558 2885 irruptio
1579 2830 1716 2872 falso-

223 2906 333 2932 rum.
394 2891 533 2945 Apud
560 2891 839 2943 Sacharz'am,

291 2981 402 3022 “Ego
419 2991 480 3012 ero
490 2980 509 2993 '¹
529 2981 804 3023 Hierosolymae
824 2985 979 3015 “murus
997 2984 1090 3025 ignis
1107 2983 1344 3022 circumcirca,
1363 2988 1399 3016 et
1414 2982 1451 3016 in
1469 2981 1585 3024 gloria
1600 2991 1662 3015 ero
1680 2982 1717 3014 in

395 3025 514 3056 medio
531 3024 608 3066 ejus
621 3024 639 3036 '¹
656 3026 704 3066 (ii.
721 3035 741 3066 9
760 3024 819 3068 [B.
834 3028 879 3059 A.
898 3024 967 3069 5]):
