2008 3360
261 327 347 380 716
674 338 1008 371 APOCALvPffls
1040 336 1339 370 EXPLICATA.

262 450 492 506 spirituale
514 450 606 505 ejus
631 459 701 493 est
723 452 842 506 quod
866 465 982 492 nunc
1009 465 1141 505 supra
1166 450 1443 505 explicatum
1471 456 1554 491 est.
1615 448 1754 504 Apud

261 514 497 564 Davidem,

331 606 353 619 “
365 604 488 637 Miseri
513 605 745 646 possidebunt
770 611 912 642 terram,
932 609 967 635 et
984 603 1245 635 deliciabuntur
1261 612 1368 644 super
1392 602 1619 634 multitudine
1636 601 1756 643 pacis:

435 649 868 732 ἑρἐξῗζῖῐίἴειῐὶιηῑξξῖξιῐη
886 654 921 679 et
938 647 1018 679 vide
1036 645 1185 686 rectum,
1205 656 1288 678 nam
1313 652 1535 688 postremum
1553 646 1631 678 viro
1655 655 1726 686 pax
1736 643 1757 658 '⁹

501 717 508 724 .
648 717 655 724 .
718 717 725 730 ,
811 717 817 723 .

261 793 339 834 per
362 780 587 821 “miseros
598 779 617 795 ”
638 779 955 832 intelliguntur
977 779 1047 820 hic
1071 778 1146 832 qui
1168 779 1211 820 in
1234 778 1563 820 tentationibus
1586 783 1690 818 sunt
1712 777 1756 818 in

261 843 429 884 mundo
446 857 455 894 ;
488 857 566 897 per
585 847 610 863 ‘⁴
624 843 959 883 multitudinem
978 841 1132 896 pacis‘'
1149 855 1236 896 qua
1253 841 1596 890 deliciabuntur,
1616 840 1756 893 signi-

260 905 450 947 ficantur
478 906 674 959 jucunda
706 919 819 960 quae
857 912 961 959 post
995 905 1289 950 tentationes,
1323 918 1425 945 nam
1465 910 1568 957 post
1604 908 1755 944 tenta-

260 969 407 1009 tiones
433 969 596 1009 dantur
622 968 817 1021 jucunda
848 982 873 1009 a
906 968 1103 1008 Domino
1135 981 1193 1008 ex
1225 965 1540 1020 conjunctione
1573 966 1679 1007 boni
1710 971 1756 1007 et

259 1032 351 1072 veri
382 1038 505 1080 tunc,
533 1039 579 1073 et
611 1032 713 1073 inde
741 1046 797 1072 ex
827 1030 1141 1084 conjunctione
1163 1044 1264 1071 cum
1293 1031 1516 1080 Domino;
1550 1029 1670 1083 quod
1696 1042 1755 1069 ex

260 1093 576 1148 conjunctione
602 1096 707 1135 boni
734 1102 779 1136 et
802 1095 893 1135 veri
920 1095 977 1136 sit
1001 1094 1169 1135 homini
1190 1093 1433 1147 jucundum
1458 1093 1596 1147 pacis,
1620 1090 1756 1132 intel-

260 1157 412 1210 ligitur
434 1171 513 1211 per
537 1157 780 1199 “Observa
802 1158 1028 1210 integrum
1051 1163 1098 1198 et
1119 1157 1221 1198 vide
1243 1154 1428 1204 testum,
1454 1169 1555 1196 nam
1580 1161 1756 1208 postre-

260 1233 382 1260 mum
408 1222 502 1261 viro
528 1234 617 1274 pax
636 1220 669 1271 ;’'
700 1219 994 1273 “integrum’'
1020 1219 1139 1274 quod
1166 1219 1499 1260 observandum
1526 1218 1688 1258 dicitur
1713 1217 1754 1258 in

260 1283 416 1325 Verbo
433 1284 490 1325 de
507 1284 641 1331 bono,
658 1290 703 1324 et
720 1287 745 1303 ‘⁴
760 1282 931 1324 rectum
945 1282 964 1297 ”
979 1282 1099 1337 quod
1114 1282 1355 1323 videndum
1371 1282 1534 1322 dicitur
1552 1281 1608 1322 de
1623 1294 1730 1321 vero
1746 1293 1759 1331 ;

262 1350 579 1401 “postremum
594 1347 612 1362 ”
631 1354 699 1388 est
724 1346 836 1394 finis,
862 1347 1044 1400 quando
1067 1359 1171 1400 pax.
1233 1345 1370 1399 Apud
1394 1345 1602 1392 eundem,

329 1451 352 1465 ‘⁸
363 1450 493 1482 Ferent
506 1457 648 1482 montes
662 1460 786 1491 pacem
803 1450 948 1490 populo,
963 1454 998 1481 et
1011 1449 1121 1481 colles
1135 1449 1170 1480 in
1185 1448 1322 1490 justitia
1336 1458 1359 1484 :.
1374 1473 1381 1480 .
1396 1473 1403 1480 .
1418 1448 1573 1480 ,florebit
1586 1448 1622 1479 in
1634 1447 1759 1480 diebus

437 1494 524 1535 Ejus
540 1494 668 1535 justus,
689 1501 723 1525 et
740 1494 852 1525 multa
868 1503 938 1534 pax
955 1502 1066 1534 usque
1082 1493 1166 1525 dum
1185 1502 1258 1524 non
1276 1491 1390 1524 luna’'
1408 1491 1481 1532 (Ps.
1495 1491 1590 1523 lxxii.
1606 1499 1636 1531 3,
1655 1491 1706 1531 7):

260 1587 410 1640 agitur
426 1588 485 1628 ibi
500 1587 557 1628 de
575 1587 773 1628 adventu
794 1587 976 1628 Domini
994 1592 1040 1628 et
1059 1586 1114 1627 de
1131 1599 1274 1639 regno
1293 1585 1437 1639 Ipsius
1455 1600 1463 1636 ;
1491 1599 1569 1639 per
1589 1589 1614 1605 ‘⁴
1628 1597 1757 1626 mon-

261 1649 361 1691 tes”
375 1651 448 1703 qui
463 1650 606 1690 ferent
623 1663 779 1703 pacem
798 1649 978 1703 populo,
993 1648 1271 1703 significatur
1285 1662 1411 1689 amor
1426 1649 1469 1688 in
1486 1649 1729 1688 Dominum
1746 1660 1757 1699 ;

261 1719 307 1754 et
346 1726 424 1767 per
458 1713 668 1754 “colles”
700 1714 772 1767 qui
814 1714 858 1753 in
886 1712 1074 1766 justitia,
1107 1711 1385 1765 significatur
1416 1712 1612 1752 charitas
1650 1725 1759 1765 erga

211 1775 215 1781 “
261 1772 521 1825 proximum
539 1786 549 1823 3
584 1782 686 1821 (quod
706 1783 785 1812 haec
800 1792 856 1820 per
872 1780 888 1791 '¹
902 1787 1028 1812 montes
1039 1782 1056 1792 ''
1072 1782 1105 1811 in
1117 1782 1227 1811 Verbo
1241 1781 1467 1819 significentur.
1481 1782 1626 1810 videatur
1640 1791 1671 1811 n.
1687 1788 1758 1819 795.

259 1831 349 1869 6435,
362 1833 469 1868 10438,
480 1840 518 1860 ex
534 1840 629 1860 causa
644 1832 718 1868 quia
733 1832 774 1860 illi
791 1832 844 1868 qui
861 1832 892 1860 in
908 1839 1017 1860 amore
1032 1831 1063 1860 in
1080 1830 1256 1859 Dominum
1268 1835 1341 1859 sunt
1357 1830 1500 1859 habitant
1515 1830 1546 1858 in
1559 1830 1649 1859 caelo
1663 1838 1760 1868 super

260 1876 440 1911 montibus;
466 1881 497 1905 et
519 1876 561 1904 illi
579 1877 632 1913 qui
655 1877 686 1905 in
701 1877 852 1906 charitate
867 1885 943 1914 erga
957 1876 1138 1914 proximum
1160 1880 1242 1909 sunt,
1258 1883 1354 1912 super
1368 1875 1502 1904 collibus
1524 1875 1575 1909 ibi,
1592 1884 1623 1904 n.
1643 1877 1757 1912 1043&

260 1930 291 1954 et
305 1925 337 1954 in
352 1935 449 1963 opere
465 1927 516 1955 De
531 1926 620 1955 Caelo
632 1930 662 1955 et
674 1927 808 1965 Inserno,
825 1936 854 1956 n.
874 1927 963 1964 188;)
989 1915 1093 1956 inde
1115 1920 1246 1968 patet
1276 1914 1398 1967 quod
1420 1927 1500 1967 per
1524 1918 1549 1934 ‘⁴
1563 1927 1725 1967 pacem
1737 1913 1758 1929 ⁹,

261 1976 543 2030 intelligatur
575 1978 787 2030 gaudium
830 1977 1044 2025 caeleste,
1077 1976 1196 2030 quod
1236 1983 1306 2017 est
1346 1990 1404 2016 ex
1444 1974 1758 2028 conjunctione

261 2053 361 2080 cum
396 2040 593 2081 Domino
626 2054 703 2093 per
743 2053 969 2081 amorem:
1019 2053 1097 2093 per
1130 2038 1344 2080 “florebit
1384 2040 1428 2079 in
1461 2039 1618 2080 diebus
1650 2039 1759 2092 Ejus

256 2101 440 2155 justus‚’'
467 2102 745 2155 significatur
777 2104 849 2156 qui
881 2104 925 2143 in
958 2103 1080 2143 bono
1111 2102 1301 2152 amoris;
1343 2102 1449 2142 inde
1479 2102 1641 2143 dicitur
1674 2107 1758 2144 “et

261 2164 404 2205 multa
435 2178 525 2218 pax
548 2164 580 2215 ;”
627 2179 715 2205 non
749 2165 929 2206 aliunde
961 2166 1080 2206 enim
1112 2178 1245 2218 quam
1278 2178 1337 2205 ex
1371 2164 1581 2213 Domino,
1614 2171 1661 2206 et
1698 2179 1758 2207 ex

262 2227 405 2280 Ipsius
432 2226 748 2280 conjunctione
774 2241 874 2269 curn
907 2228 994 2269 illis
1020 2228 1092 2281 qui
1124 2229 1167 2267 in
1200 2228 1320 2268 bono
1343 2228 1507 2268 amoris
1540 2235 1659 2276 sunt,
1687 2234 1757 2270 est

261 2303 368 2343 pax,
395 2296 444 2330 ut
470 2304 602 2343 supra
628 2289 796 2331 dictum
824 2298 919 2332 est:
964 2295 1141 2344 “usque
1168 2291 1272 2330 dum
1300 2303 1391 2330 non
1424 2290 1559 2331 luna'‘
1582 2291 1757 2341 dicitur,

262 2366 339 2406 per
370 2353 490 2406 quod
528 2352 804 2406 significatur
836 2354 956 2407 quod
998 2367 1088 2394 non
1115 2366 1269 2394 verum
1311 2353 1394 2393 erit
1436 2361 1692 2406 separatum
1732 2367 1759 2395 a

261 2415 396 2465 bono,
424 2415 503 2456 sed
536 2414 775 2468 conjuncta
807 2418 870 2457 ita
902 2423 950 2458 ut
983 2417 1074 2458 sint
1107 2429 1259 2464 unum,
1287 2415 1372 2456 hoc
1405 2423 1489 2464 est,
1524 2423 1571 2457 ut
1604 2430 1757 2458 verum

261 2479 398 2519 etiam
421 2479 478 2519 sit
500 2479 668 2519 bonum
687 2493 695 2529 ;
729 2486 798 2520 est
824 2480 943 2520 enim
966 2493 1100 2520 omne
1117 2492 1270 2520 verum
1294 2479 1399 2519 boni
1417 2480 1519 2532 quia
1540 2493 1598 2520 ex
1621 2479 1756 2528 bono,

261 2547 306 2582 et
338 2542 442 2582 inde
473 2542 517 2598 in
543 2555 622 2581 sua
648 2543 844 2582 essentia
873 2543 1070 2593 bonum;
1112 2541 1205 2582 tale
1231 2548 1300 2582 est
1327 2555 1480 2582 verum
1508 2542 1624 2595 apud
1656 2542 1758 2583 illos

260 2605 333 2658 qui
363 2605 408 2645 in
440 2604 560 2645 bono
591 2605 754 2645 amoris
787 2605 831 2644 in
865 2605 1110 2645 Dominum
1142 2618 1168 2645 a
1200 2604 1398 2645 Domino
1429 2611 1548 2653 sunt,
1581 2605 1654 2658 qui
1685 2605 1755 2646 hic

259 2665 583 2718 intelliguntur
619 2679 698 2718 per
730 2665 976 2718 “justum.”
1026 2677 1138 2716 (Quod
1151 2673 1256 2705 “sol'’
1272 2676 1426 2714 significet
1445 2676 1567 2705 bonum
1586 2676 1714 2711 amoris,
1727 2681 1758 2706 et

259 2730 348 2814 unod
361 2726 378 2780 ’ἶ
390 2729 467 2758 luna
477 2728 494 2738 ''
507 2737 618 2758 verum
630 2729 714 2763 inde,
727 2729 871 2758 videatur
883 2739 914 2759 n.
926 2737 1115 2767 1521-1531,
1126 2736 1215 2767 2495.
1228 2729 1318 2767 4060,
1331 2727 1452 2767 [¹14696,
1465 2729 1572 2768 7083.)
1614 2718 1756 2772 Apud

303 2787 465 2822 satam,

329 2863 352 2876 ¹⁸
365 2861 458 2893 Puer
471 2867 575 2893 natus
593 2868 647 2893 est
664 2861 780 2900 nobis,
800 2861 909 2894 Filius
927 2862 1030 2894 datus
1050 2868 1106 2894 est
1121 2862 1237 2899 nobis,
1253 2871 1360 2902 super
1375 2861 1476 2902 cujus
1495 2861 1644 2893 humero
1661 2861 1756 2902 prin-

435 2905 572 2945 cipatus
585 2914 592 2943 ;
611 2905 752 2936 vocabit
765 2915 897 2937 nomen
910 2906 1026 2946 Ipsius
1041 2906 1230 2943 Mirabilis,
1240 2905 1486 2943 consiliarius,
1500 2905 1607 2942 Deus,
1623 2904 1753 2943 Heros,

438 2948 543 2980 Pater
566 2949 799 2985 aeternitatis.
830 2949 1000 2990 Princeps
1025 2950 1123 2990 pacis
1138 2961 1145 2981 ι
1182 2948 1432 2989 multiplicanti
1460 2948 1695 2989 principatum
1719 2953 1756 2981 et

434 3001 558 3033 pacem
573 3002 645 3023 non
662 2993 728 3024 erit
743 2992 822 3024 finis
833 2992 851 3004 '’
865 2993 925 3033 (ix.
944 3001 973 3032 5,
991 2994 1013 3024 ὁ
1034 2991 1093 3035 [B.
1109 2994 1156 3025 A.
1172 2993 1204 3031 6,
1221 2989 1292 3034 7]):
