2008 3360
252 344 335 387 722
667 338 998 374 APOCALYPSIS
1030 337 1329 370 EXPLICATA.

249 452 528 508 junfflonem
555 466 655 494 cum
683 453 789 506 Ipso
815 465 893 505 per
914 464 1020 491 vera
1046 455 1091 491 et
1118 463 1197 503 per
1218 450 1359 490 vitam
1381 450 1628 490 secundum
1651 449 1743 501 illa,

254 531 332 571 per
357 517 474 558 hanc
501 517 620 557 enim
646 522 716 556 est
743 514 876 555 salus.
939 512 1077 566 Apud
1104 512 1312 561 eundem,

324 607 346 620 ‘⁴
357 605 476 646 Atque
494 604 561 636 Ille
578 604 768 638 confossus
786 603 832 634 ob
849 600 1176 642 praevaricationes
1193 606 1348 638 nostras,
1366 606 1538 632 contusus
1555 601 1603 632 ob
1619 599 1746 641 iniqui-

429 654 521 680 tates
535 654 690 685 nostras,
707 646 896 686 castigatio
910 645 1009 685 pacis
1023 651 1167 676 nostrae
1180 654 1288 685 super
1302 644 1398 685 Ipso,
1416 650 1451 676 et
1464 644 1610 676 vulnere
1629 643 1747 684 Ipsius

429 692 567 724 sanitas
587 691 671 722 data
688 689 822 721 nobis’'
843 689 921 729 (liii.
938 688 989 729 5):

256 777 367 818 haec
395 776 451 817 de
478 776 688 823 Domino,
713 775 768 815 de
791 787 879 827 quo
905 774 948 813 in
975 786 1030 813 eo
1052 772 1201 826 capite
1223 772 1460 813 manifeste
1487 772 1666 824 agitur;
1699 777 1745 812 et

257 853 336 893 per
357 838 433 880 illa
455 839 591 879 verba
613 837 926 878 describuntur
948 836 1229 876 tentationes
1251 848 1361 888 quas
1389 835 1490 888 Ipse
1513 835 1556 875 in
1580 834 1748 874 mundo

258 902 391 942 subiit
424 908 471 941 ut
505 900 762 953 subjugaret
795 898 979 946 inferna,
1014 904 1059 938 et
1091 898 1316 950 redigeret
1349 898 1499 938 omnia
1531 897 1590 937 ibi
1626 903 1672 937 et
1704 896 1748 937 in

261 963 397 1005 caelis
420 964 477 1007 ,in
510 964 737 1004 ordinem:
777 968 955 1002 atroces
987 960 1090 1001 illae
1122 960 1402 1001 tentationes
1434 959 1749 1012 intelliguntur

259 1040 337 1080 per
348 1026 466 1080 quod
485 1030 510 1046 ‘⁶
523 1025 754 1066 confossus
771 1024 829 1064 ob
844 1023 1251 1077 praevaricationes
1267 1029 1460 1070 nostras,
1472 1029 1518 1062 et
1533 1028 1750 1062 contusus

259 1089 318 1129 ob
342 1089 603 1141 iniquitates
631 1086 850 1134 nostras‚''
882 1092 928 1127 et
955 1085 1075 1139 quod
1103 1085 1385 1138 “castigatio
1416 1085 1538 1137 pacis
1567 1090 1750 1125 nostrae

261 1165 392 1204 super
411 1151 516 1204 Ipso
534 1150 567 1200 ;'’
598 1150 791 1190 salvatio
814 1162 891 1202 per
908 1148 952 1189 id
975 1147 1252 1201 significatur
1269 1161 1347 1201 per
1366 1147 1586 1187 “vulnere
1607 1146 1750 1199 Ipsius

261 1214 430 1254 sanitas
448 1219 517 1254 est
536 1213 644 1253 data
662 1212 790 1252 nobis
807 1211 843 1252 :'’
875 1225 953 1265 per
973 1215 998 1231 ‘⁴
1012 1224 1169 1264 pacem
1182 1210 1201 1225 '’
1218 1210 1370 1263 itaque
1393 1210 1451 1250 ibi
1474 1208 1751 1262 significatur

260 1275 435 1317 caelum
461 1282 507 1316 et
533 1276 627 1316 vita
658 1282 843 1315 aeterna
874 1273 961 1315 illis
988 1274 1060 1328 qui
1092 1270 1316 1325 conjuncti
1348 1285 1449 1312 cum
1483 1272 1588 1325 Ipso
1614 1277 1748 1321 sunt;

261 1352 403 1392 genus
425 1340 544 1379 enim
571 1338 815 1378 humanum
838 1336 1096 1378 nullatenus
1119 1335 1281 1376 salvari
1309 1335 1456 1388 potuit
1484 1335 1566 1374 nisi
1594 1334 1750 1375 Domi-

263 1415 344 1442 nus
366 1401 616 1454 redegisset
641 1401 791 1441 omnia
817 1401 860 1440 in
886 1399 1066 1440 infernis
1088 1405 1134 1439 et
1161 1399 1204 1438 in
1232 1397 1367 1438 caelis
1394 1398 1437 1437 in
1464 1397 1681 1445 ordinem,
1705 1402 1752 1438 et

265 1463 395 1504 simul
433 1463 729 1516 glorificasset
769 1462 1029 1503 Humanum
1065 1474 1207 1509 suum,
1241 1474 1354 1514 quae
1386 1458 1503 1500 facta
1534 1466 1638 1500 sunt
1675 1473 1753 1513 per

263 1527 548 1567 tentationes
565 1527 608 1566 in
629 1526 888 1566 Humanum
907 1537 1034 1565 suum
1052 1523 1284 1565 admissas.
1337 1522 1475 1576 Apud
1491 1522 1751 1571 Jeremiam,

332 1615 456 1647 “Ecce
475 1615 552 1655 Ego
566 1615 762 1646 ascendere
775 1612 935 1645 facturus
948 1611 1014 1644 fflei
1027 1612 1218 1644 sanitatem
1236 1617 1271 1643 et
1289 1611 1466 1643 medelam
1481 1620 1489 1649 ;
1513 1616 1548 1642 et
1561 1616 1754 1642 sanaturus

438 1668 517 1690 sum
543 1668 617 1696 eos,
642 1665 676 1690 et
701 1658 867 1689 revelabo
891 1657 934 1688 iis
954 1654 1248 1688 [²1abundantiam
1274 1655 1371 1695 pacis
1396 1661 1432 1686 et
1456 1654 1643 1686 veritatem
1659 1665 1683 1686 ε.

439 1711 565 1733 omnes
579 1708 704 1741 gentes
718 1707 844 1738 terrae,
861 1710 952 1742 quae
965 1700 1112 1732 audient
1126 1709 1233 1730 omne
1246 1699 1381 1730 bonum
1396 1698 1491 1738 quod
1507 1697 1583 1738 Ego
1596 1695 1755 1729 fadiurus

439 1744 521 1783 iuis,
541 1752 579 1776 ut
597 1745 744 1776 timeant
761 1750 795 1776 et
813 1749 1110 1775 commoveantur
1126 1751 1232 1782 super
1248 1741 1348 1773 omni
1367 1742 1462 1773 bono
1480 1747 1515 1772 et
1531 1750 1639 1781 super
1655 1740 1754 1773 omni

439 1798 526 1829 pace
543 1798 648 1829 quam
670 1788 744 1828 Ego
761 1786 920 1819 facturus
939 1785 1025 1818 1²⁵]iui
1038 1786 1055 1798 ”
1072 1785 1209 1827 (xxxiii.
1226 1785 1257 1823 6,
1274 1785 1326 1826 9):

266 1877 378 1918 haec
406 1877 543 1917 etiam
570 1876 626 1916 de
659 1875 869 1924 Domino,
897 1874 1017 1928 quod
1050 1873 1317 1914 liberaturus
1349 1886 1374 1912 a
1402 1871 1531 1912 malis
1558 1877 1603 1912 et
1634 1870 1756 1911 falsis

267 1938 369 1980 illos
395 1939 468 1992 qui
499 1939 543 1978 in
575 1937 887 1991 conjunctione
914 1950 1014 1978 cum
1045 1936 1150 1990 Ipso
1177 1941 1307 1984 sunt;
1342 1934 1551 1975 liberatio
1577 1933 1757 1986 amalis

267 2008 313 2042 et
340 2000 462 2042 salsis
485 2000 761 2054 significatur
783 2014 861 2053 per
887 1999 1170 2040 “ascendere
1196 1995 1391 2038 sac'turus
1417 2010 1514 2037 sum
1538 1995 1611 2037 fflei
1638 1996 1756 2037 sani-

268 2070 413 2104 tatem
432 2069 477 2104 et
501 2062 739 2111 medelam,
760 2070 805 2103 et
824 2068 1062 2102 sanaturus
1080 2073 1176 2100 sum
1195 2059 1312 2107 eOS,”
1331 2059 1622 2112 spiritualiter
1639 2059 1757 2099 enim

269 2126 415 2167 sanari
441 2132 510 2166 est
537 2139 563 2165 a
589 2125 716 2165 malis
742 2132 787 2166 et
814 2124 962 2175 falsis;
995 2131 1041 2165 et
1068 2124 1170 2177 quia
1202 2122 1287 2162 hoc
1311 2121 1368 2162 fit
1395 2135 1421 2162 a
1453 2121 1650 2161 Domino
1681 2134 1759 2173 per

270 2202 388 2236 vera,
417 2188 578 2228 dicitur
606 2191 689 2228 “et
714 2187 926 2228 revelabo
951 2187 1003 2227 iis
1030 2183 1391 2226 mabundantiam
1422 2184 1543 2236 pacis
1570 2189 1616 2223 et
1643 2182 1758 2223 veri-

270 2257 415 2291 tatem
433 2250 467 2300 ;’'
499 2264 576 2304 per
604 2253 803 2303 “gentes
830 2257 977 2290 terrae
990 2248 1009 2263 ’'
1032 2247 1340 2301 significantur
1366 2245 1428 2286 illi
1454 2246 1527 2298 qui
1558 2245 1602 2285 in
1629 2244 1757 2285 malis

270 2320 316 2355 et
338 2313 460 2354 falsis
483 2319 601 2362 sunt,
622 2313 677 2353 de
700 2313 857 2366 quibus
881 2312 1043 2352 dicitur
1060 2310 1179 2364 quod
1200 2309 1462 2350 “timebunt
1486 2314 1532 2348 et
1555 2319 1757 2348 commo-

270 2373 494 2417 vebuntur
518 2389 650 2428 super
675 2376 796 2415 omni
830 2375 950 2415 bono
976 2381 1021 2415 et
1055 2387 1186 2427 super
1211 2372 1332 2412 omni
1359 2385 1470 2424 pace
1495 2383 1629 2424 quam
1656 2369 1759 2422 Ego

271 2436 465 2479 facturus
491 2436 628 2478 milli?
689 2437 826 2491 Apud
852 2437 1084 2485 Davidem,
1341 2436 1347 2441 ’

340 2528 363 2541 “
375 2526 555 2611 Redgssetl
559 2525 596 2557 in
608 2535 703 2611 {33oe
722 2525 880 2557 animam
899 2535 1027 2563 meam,
1048 2535 1092 2556 ne
1109 2523 1399 2565 appropinquent
1418 2520 1535 2553 mihi”
1567 2520 1640 2560 (Ps.
1655 2519 1703 2552 lv.
1721 2527 1762 2561 19

499 2593 508 2602 .
561 2593 568 2601 .
588 2578 602 2600 1
670 2580 676 2601 :

272 2671 351 2711 per
375 2657 630 2698 “redimere
652 2657 696 2697 in
718 2669 828 2710 pace
852 2657 1048 2696 animam
1071 2667 1218 2696 meam
1231 2653 1251 2669 '’
1269 2651 1547 2706 significatur
1568 2649 1761 2691 salvatio

273 2734 351 2774 per
367 2717 728 2772 conjunctionem
747 2732 847 2759 cum
867 2719 1064 2759 Domino
1082 2732 1091 2769 ;
1124 2724 1169 2759 et
1189 2730 1267 2770 per
1288 2719 1381 2756 “ne
1398 2713 1760 2768 appropinquent

273 2782 412 2824 mihi'’
426 2781 703 2835 significatur
715 2782 908 2822 remotio
925 2781 1028 2821 inde
1044 2779 1262 2821 malorum
1280 2783 1326 2819 et
1343 2777 1569 2818 falsorum.
1622 2773 1760 2828 Apud

274 2845 550 2898 Haggaeum,

342 2936 364 2950 “
378 2933 499 2974 Major
521 2932 589 2964 erit
612 2933 726 2973 gloria
743 2932 872 2963 domus
896 2931 1002 2972 hujus
1023 2929 1230 2972 posterioris
1249 2937 1355 2971 quam
1378 2926 1507 2969 prioris
1511 2949 1604 2965 .....
1611 2933 1696 2956 narn
1721 2922 1760 2957 iu

447 2977 527 3009 loco
543 2977 610 3007 hoc
627 2976 720 3007 dabo
737 2985 861 3016 pacem
875 2974 893 2987 '¹
909 2975 960 3015 (ii.
976 2974 1010 3017 9)
1024 2985 1031 3007 ε
