2008 3360
223 282 313 332 753·ι
638 283 969 321 APOCALYPSIS
1000 283 1301 318 EXPLICATA.
1350 316 1351 320 ,

292 393 433 427 “Mane
457 395 612 427 surrexit
635 395 747 437 Jacob
772 396 808 428 in
833 395 1022 435 matutino,
1042 402 1077 428 et
1096 397 1255 438 sumpsit
1277 397 1561 440 lapidem-quem
1586 399 1707 439 posuit

399 439 465 470 sub
482 439 651 479 capitalia
668 449 743 477 sua,
763 445 799 471 et
816 439 937 480 posuit
953 439 1052 471 illum
1070 439 1107 471 in
1124 445 1291 479 statuam,
1308 446 1344 473 et
1359 441 1452 473 fudit
1465 441 1584 473 oleum
1601 451 1709 484 super

401 488 507 522 caput
529 482 628 523 ejus;
659 489 695 514 et
717 483 861 514 vocavit
885 492 1018 514 nomen
1042 483 1112 515 loci
1135 483 1230 516 illius
1255 483 1380 516 Bethel
1395 494 1418 520 :.
1432 510 1461 517 ..
1476 491 1527 517 ,et
1549 485 1650 523 dixit,
1669 485 1706 518 Si

396 525 536 557 rediero
560 526 597 557 in
622 536 709 566 pace
733 526 778 557 ad
801 526 948 557 domurn
975 526 1086 566 patris
1110 527 1180 559 mei
1184 552 1276 564 .....
1284 528 1376 568 lapis
1400 528 1457 560 hic
1481 538 1585 570 quem
1603 529 1707 570 posui

396 575 562 607 statuam,
582 570 650 601 erit
666 570 795 601 domus
813 569 880 601 Dei
891 569 909 582 ''
926 569 1062 610 (xxviii.
1079 570 1129 608 18,
1148 578 1198 611 19,
1217 568 1304 613 [21,]
1321 571 1385 611 22).

223 656 369 698 Causa
394 658 514 711 quod
546 659 609 699 ita
635 659 846 698 unxerint
880 657 1064 711 lapides,
1092 665 1190 700 erat
1221 659 1323 713 quia
1354 673 1433 713 per
1461 659 1708 714 “lapides''

222 719 590 773 significabantur
615 735 733 769 vera,
757 734 809 761 ac
834 734 940 761 vera
962 721 1131 775 absque
1157 714 1278 763 bono
1300 735 1390 763 non
1413 723 1555 764 vitam
1577 723 1706 776 spiri-

222 782 391 824 tualem
414 783 598 832 habent,
623 783 709 824 hoc
733 789 817 831 est,
842 784 983 824 vitam
1005 797 1031 824 a
1058 783 1248 836 Divin03
1280 798 1381 826 cum
1403 799 1510 826 vero
1533 785 1707 839 lapides

221 845 324 887 oleo
355 844 475 887 uncti
506 853 649 895 erant,
679 853 785 887 tunc
818 847 1224 899 repraesentabant
1254 862 1360 889 vera
1391 862 1451 889 ex
1483 848 1618 896 bono,
1651 861 1704 890 ac

221 909 264 949 in
306 922 514 962 supremo
554 923 687 950 sensu
728 909 939 949 Divinum
977 908 1147 950 Verum
1184 911 1433 964 procedens
1474 924 1500 952 a
1540 910 1706 951 Divino

223 971 350 1012 Bono
366 972 561 1019 Domini,
578 972 651 1025 qui
668 972 771 1012 inde
789 970 932 1012 dictus
947 978 1016 1013 est
1034 971 1207 1026 “Lapis
1223 973 1437 1015 Israelis.''
1483 973 1572 1027 Ipsi
1591 973 1702 1027 lapi-

221 1034 300 1075 des
315 1032 450 1075 erecti
467 1033 573 1075 diffi
590 1035 765 1075 fuerunt
783 1041 978 1083 statuae,
996 1041 1042 1076 et
1061 1034 1346 1076 habebantur
1363 1034 1549 1079 sanctae
1566 1050 1575 1086 ;
1603 1036 1707 1077 inde

222 1110 324 1138 usus
356 1103 607 1138 statuarum
639 1098 755 1150 apud
788 1098 1012 1151 antiquos,
1041 1103 1087 1139 et
1119 1098 1221 1139 dein
1253 1099 1297 1138 in
1323 1112 1477 1140 eorum
1509 1099 1706 1153 templis.

222 1158 338 1212 Quia
360 1166 466 1201 tunc
495 1159 607 1214 lapis
630 1160 702 1200 ille
729 1174 755 1200 a
774 1160 947 1212 Jacobo
968 1158 1143 1202 erectus
1164 1162 1550 1214 repraesentative
1571 1175 1703 1202 sanc-

221 1222 416 1263 tificatus
442 1229 552 1270 erat,
577 1223 678 1264 ideo
704 1223 899 1263 vocabat
923 1223 1066 1275 Jacob
1092 1236 1257 1264 nomen
1281 1223 1367 1264 loci
1392 1223 1635 1272 “Bethel‚''
1657 1230 1704 1266 et

221 1286 336 1327 dixit
362 1286 481 1339 quod
508 1285 582 1326 ille
610 1285 721 1339 lapis
748 1291 870 1326 esset
899 1285 1096 1326 “domus
1123 1285 1244 1327 Dei.”
1303 1285 1461 1326 Bethel
1481 1285 1706 1339 significat

225 1349 446 1389 “domum
470 1348 592 1396 Dei,’'
616 1355 661 1389 et
687 1348 884 1389 “domus
908 1348 993 1389 Dei
1005 1348 1023 1363 ''
1049 1347 1272 1401 significat
1294 1348 1533 1390 ecclesiam
1555 1349 1705 1402 quoad

174 1458 178 1462 ,
222 1411 403 1460 bonum,
440 1417 488 1452 et
530 1412 573 1452 in
610 1425 818 1464 supremo
855 1424 989 1452 sensu
1026 1411 1270 1452 Dominum
1306 1412 1454 1466 quoad
1491 1411 1704 1454 Divinum

224 1471 486 1512 Humanum
518 1485 645 1512 Suum
679 1472 806 1525 (Joll.
829 1472 870 1512 ii.
898 1472 1070 1525 19—22).
1141 1482 1294 1520 (Reliqua
1315 1483 1483 1513 videantur
1501 1483 1658 1521 explicata
1674 1484 1708 1513 in

221 1531 360 1560 Arcanis
378 1531 573 1560 Caelestibus.
619 1531 783 1559 Praeterea
798 1531 892 1560 etiarn
914 1531 967 1565 ibi.
983 1531 1081 1567 Quod
1101 1535 1223 1560 statuae
1237 1531 1278 1560 ab
1299 1531 1435 1569 antiquis
1450 1531 1574 1561 erectae
1594 1531 1708 1561 fuerint

221 1577 252 1604 in
267 1575 402 1613 signum,
418 1575 449 1604 in
466 1580 574 1604 testem
592 1581 622 1604 et
638 1576 668 1604 in
685 1576 814 1610 cultum,
832 1585 862 1605 n.
879 1584 968 1613 3727.
1012 1575 1110 1612 Quod
1123 1575 1267 1614 primitus
1282 1575 1396 1605 fuerint
1411 1575 1510 1605 sancti
1526 1576 1659 1610 termini,
1675 1584 1708 1608 n.

221 1629 310 1658 3727.
353 1621 450 1657 Quod
465 1621 537 1649 dein
550 1621 650 1649 sactae
666 1621 726 1649 sint
740 1621 771 1649 in
785 1621 916 1655 cultum,
932 1629 962 1650 n.
979 1622 1068 1658 4580.
1112 1621 1198 1657 Quid
1211 1620 1437 1658 significarunt,
1452 1630 1484 1651 n.
1495 1622 1585 1658 4580,
1599 1621 1707 1659 10643.

220 1666 317 1703 Quod
333 1669 349 1680 ¹¹
360 1666 480 1703 lapides
491 1665 506 1674 ''
520 1666 695 1703 significent
710 1674 792 1700 vera,
808 1675 846 1695 ac
862 1669 879 1679 ¹¹
892 1665 988 1703 Lapis
1004 1665 1127 1695 Israelis
1138 1665 1154 1674 ''
1170 1666 1345 1695 Dominum
1358 1666 1466 1703 quoad
1478 1665 1630 1695 Divinum
1645 1666 1708 1695 Ve-

220 1719 300 1745 rum,
316 1719 347 1740 n.
362 1711 431 1748 643,
450 1712 536 1748 1298,
552 1720 640 1748 3720.
657 1711 745 1748 6426,
762 1711 850 1748 8609,
866 1712 955 1748 9388,
971 1712 1060 1748 9389.
1079 1710 1185 1748 10376.
1229 1710 1327 1748 Quod
1342 1710 1478 1740 fuderint
1492 1710 1599 1739 oleum
1614 1719 1709 1748 super

221 1760 317 1793 caput
331 1760 462 1789 statuae,
478 1764 535 1784 seu
550 1756 696 1784 unxerint
711 1755 806 1790 illam,
824 1756 913 1792 quod
935 1755 1054 1784 factum
1070 1755 1109 1784 sit
1129 1759 1164 1784 ut
1185 1755 1388 1784 induceretur
1409 1755 1707 1793 repraesentativum

220 1801 283 1829 veri
299 1809 338 1829 ex
352 1801 448 1834 bon0.
465 1805 495 1829 et
510 1801 553 1829 sic
568 1801 770 1829 adhiberetur
784 1801 815 1829 in
830 1800 962 1834 cultum,
978 1809 1008 1830 n.
1025 1801 1114 1837 3728,
1129 1799 1234 1838 4090.)

307 1849 388 1904 (ii.)
435 1849 562 1901 Quod
593 1850 801 1891 unxerint
836 1864 965 1892 arma
1002 1849 1115 1898 belli,
1155 1850 1269 1891 sicut
1301 1855 1425 1891 scuta
1460 1855 1502 1891 et
1532 1849 1704 1902 clz'pffls,

220 1919 405 1955 constat
431 1913 549 1967 apud
575 1912 777 1962 Esaiam,

521 2003 542 2016 ‘⁸
554 2002 693 2042 Surgite
711 2002 904 2042 principes,
923 2001 1049 2042 ungite
1066 2007 1206 2033 scutum
1218 2000 1236 2014 '¹
1253 2000 1337 2041 (xxi.
1356 2000 1388 2042 5)
1402 2011 1409 2040 ;

218 2085 264 2120 et
291 2079 334 2119 in
365 2078 503 2119 Libro
530 2078 721 2119 Secundo
748 2078 980 2127 Samuelis,

287 2156 309 2169 “
323 2154 483 2186 Pollutus
494 2160 548 2186 est
561 2154 694 2194 clipeus
707 2155 869 2192 heroum,
887 2155 1023 2195 clipeus
1038 2154 1153 2185 Saulis
1165 2164 1238 2185 non
1256 2152 1383 2186 unctus
1396 2160 1450 2185 est
1464 2154 1544 2186 oleo
1554 2152 1574 2167 ”
1587 2154 1622 2193 (i.
1637 2153 1703 2195 21).

220 2242 353 2296 Quod
375 2256 499 2283 arma
520 2242 626 2282 belli
651 2241 783 2283 uncta
802 2243 978 2291 fuerint,
998 2248 1096 2283 erat
1119 2255 1253 2283 causa
1270 2242 1371 2295 quia
1389 2241 1706 2295 significabant

218 2320 325 2346 vera
350 2306 599 2359 pugnantia
631 2312 789 2346 contra
822 2305 974 2360 falsa,
993 2318 1044 2346 ac
1076 2318 1182 2346 vera
1213 2319 1272 2345 ex
1304 2305 1425 2345 bono
1456 2311 1560 2346 sunt
1592 2319 1706 2359 quae

218 2368 372 2409 valent
390 2374 550 2409 contra
566 2368 655 2417 illa,
674 2382 761 2408 non
782 2375 934 2409 autem
953 2381 1058 2409 vera
1074 2368 1242 2421 absque
1260 2368 1380 2408 bono
1398 2380 1406 2407 :
1432 2375 1705 2421 quapropter

220 2444 344 2471 arma
374 2431 480 2477 belli
511 2432 916 2484 repraesentabant
947 2445 1069 2472 vera·
1089 2444 1167 2485 per
1197 2444 1312 2484 quae
1350 2430 1453 2483 Ipse
1486 2430 1706 2471 Dominus

218 2501 390 2548 pugnat
416 2494 534 2547 apud
560 2493 790 2534 hominem
817 2501 977 2535 contra
1000 2493 1111 2535 falsa
1133 2508 1195 2535 ex
1221 2493 1356 2542 malo,
1380 2507 1493 2547 quae
1516 2500 1621 2535 sunt
1647 2508 1707 2535 ex

219 2555 408 2596 inferno.
461 2565 574 2603 (Quod
594 2562 612 2573 '⁸
623 2574 712 2594 arma
730 2566 804 2594 belli
815 2566 831 2575 ''
852 2566 1028 2604 significent
1046 2575 1121 2595 vera
1137 2565 1313 2603 pugnantia
1330 2569 1440 2594 contra
1458 2565 1545 2599 falsa,
1565 2565 1709 2595 videatur

218 2628 252 2648 n.
275 2621 362 2655 1788,
383 2619 472 2653 2686,
495 2623 527 2647 et
544 2627 649 2655 supra,
670 2627 703 2648 n.
733 2618 875 2659 131[a]‚
891 2608 992 2660 367:
1020 2623 1052 2648 et
1070 2619 1159 2656 quod
1178 2615 1316 2647 “bella''
1338 2617 1370 2646 in
1392 2626 1508 2655 genere
1530 2618 1708 2655 significent

216 2675 340 2704 pugnas
361 2666 544 2704 spirituales,
561 2676 590 2695 n.
610 2667 696 2703 1664,
713 2667 802 2701 2686,
820 2669 908 2705 8273,
924 2669 1019 2705 8295:
1042 2676 1079 2696 ac
1095 2665 1257 2696 “hostes'’
1273 2666 1358 2694 mala
1378 2670 1409 2694 et
1430 2666 1516 2700 falsa,
1539 2666 1571 2694 in
1592 2675 1708 2704 genere

216 2711 346 2745 inferna,
361 2721 392 2740 n.
410 2714 497 2748 2851,
515 2713 604 2748 8289,
620 2711 725 2749 9314.)

303 2760 399 2815 (iii.)
446 2760 573 2811 Quod
592 2761 802 2802 unxerint
825 2762 970 2803 altare
988 2768 1030 2802 et
1053 2761 1198 2803 omnia
1221 2761 1312 2814 qjus
1337 2774 1466 2809 vasa,
1491 2767 1586 2807 tum
1612 2767 1705 2801 ten-

216 2824 376 2865 torium
396 2830 639 2872 conventus,
663 2830 705 2864 et
727 2824 872 2864 omnia
896 2839 1006 2878 quae
1031 2824 1153 2874 inibi,
1178 2829 1362 2864 constat
1388 2823 1506 2876 apud
1532 2823 1702 2871 Mosen,

283 2913 382 2945 Dixit
394 2912 559 2996 Jeliovafb)
567 2913 612 2944 ad
625 2912 764 2950 Mosen,
783 2914 804 2926 ‘⁸
817 2913 939 2954 Unges
950 2913 967 2925 ''
979 2913 1101 2951 altare,
1119 2914 1140 2927 ¹‘
1152 2918 1187 2945 et
1196 2910 1436 2944 sanctificabis
1447 2911 1535 2943 illud
1545 2910 1563 2924 ''
1574 2910 1700 2952 (Exod.

393 2966 489 2988 xxix.
507 2964 524 2995 3
573 2966 580 2995 ;
