2008 3360
277 300 361 343 740
688 300 1022 333 APOCALYPSIS
1053 300 1353 334 EXPLICATA.

278 411 461 453 nificant
488 412 531 453 in
557 411 775 466 spirituali
801 426 934 453 sensu
961 411 1069 452 talia
1095 426 1209 466 quae
1232 413 1435 455 nutriunt
1461 413 1668 455 animam
1683 427 1763 456 seu

278 482 493 523 mentem,
521 489 634 529 quae
663 476 813 516 omnia
839 489 885 516 se
917 475 1112 516 referunt
1144 475 1200 515 ad
1231 476 1399 516 bonum
1431 477 1595 517 amoris
1626 483 1672 518 et
1704 469 1762 518 ac'l

278 551 431 578 verum
454 537 555 578 fidei
574 552 582 588 ;
613 538 717 578 inde
740 538 954 591 imprimis
980 537 1247 578 “triticum’'
1269 544 1314 579 et
1339 538 1635 588 “hordeum,”
1658 539 1760 593 quia

277 612 337 639 CX
358 598 445 639 illis
468 599 610 652 panis.
669 609 780 646 (Quod
796 607 812 617 ‘¹
824 609 885 638 cibi
898 609 914 618 ''
931 603 1034 638 omnis
1047 609 1171 646 generis
1184 609 1361 647 significent
1375 610 1482 639 cibum
1497 610 1701 648 spiritualem,
1717 609 1762 639 ita

277 666 358 694 quae
373 662 445 686 sunt
459 658 615 691 scientiae,
631 657 854 694 intelligentiae
869 661 899 685 et
920 657 1100 694 sapientiae,
1116 656 1249 695 proinde
1271 657 1392 686 bonum
1415 662 1445 687 et
1459 665 1568 686 verum
1591 667 1630 686 ex
1646 657 1763 694 quibus

275 703 337 738 issa,
358 704 503 733 videatur
524 713 554 733 ¹¹-
577 713 665 741 3114.
688 711 777 741 4459.
800 711 888 740 5147·
912 710 1001 740 5293·
1024 710 1112 740 5340.
1135 710 1224 741 5342·
1247 710 1335 741 5410.
1359 704 1448 741 5426,
1464 704 1552 741 5576,
1569 704 1657 740 5582,
1674 703 1763 740 5588.

277 749 399 787 1115655,
416 749 538 787 [²15915‚
556 749 681 787 [³]8408,
697 751 785 787 8562.
801 757 896 787 9003:
919 750 951 778 in
965 757 1081 787 genere
1097 750 1244 788 ¹·panis,''
1262 751 1293 779 in
1308 751 1467 788 opusculo
1478 752 1529 780 De
1542 752 1635 780 Nova
1649 751 1765 780 Hiero-

275 796 404 833 solyma,
421 804 450 824 n.
467 797 540 830 218;
564 796 652 832 quod
666 799 682 809 ⁴‘
693 795 792 832 ager⁰
810 795 963 832 significet
977 795 1152 829 ecclesiam,
1167 804 1198 825 n.
1215 804 1303 833 2971,
1319 796 1408 833 3766,
1423 795 1528 834 9139.)

360 840 442 897 [lh]
486 842 619 896 Quod
649 842 920 883 “triticum''
946 849 992 883 et
1026 843 1284 884 “hordeum
1297 842 1316 858 ”
1347 843 1604 896 significent
1635 842 1761 891 talia,

277 911 346 946 est
384 919 442 945 ex
479 906 892 958 correspondentia,
927 911 975 946 ut
1008 911 1218 954 constare
1255 911 1409 958 potest
1441 919 1500 946 ex
1532 905 1618 945 illis
1650 918 1763 958 quae

276 974 495 1020 apparent
529 969 571 1008 in
599 968 766 1008 mundo
793 967 1024 1020 spirituali,
1054 967 1125 1008 ubi
1158 981 1314 1008 omnes
1341 968 1632 1021 apparentiae
1658 973 1762 1007 sunt

277 1031 732 1084 correspondentiae;
773 1036 992 1083 apparent
1025 1030 1083 1070 ibi
1117 1031 1277 1084 campi,
1311 1031 1420 1083 agri,
1454 1043 1624 1071 messes
1654 1029 1763 1070 varii

276 1094 468 1145 generis,
486 1099 531 1133 et
549 1107 724 1146 quoque
744 1106 882 1146 panes
900 1107 908 1143 ;
937 1093 1054 1133 unde
1072 1093 1210 1133 scitur
1225 1093 1343 1146 quod
1362 1092 1760 1145 correspondeant,

277 1161 323 1196 et
353 1162 681 1209 consequenter
707 1155 826 1209 quod
859 1155 1105 1196 secundum
1137 1155 1561 1208 correspondentias
1594 1153 1762 1207 signifi-

277 1224 395 1258 cent.
459 1217 591 1271 Quod
621 1217 889 1259 “triticum’'
916 1223 962 1259 et
992 1218 1250 1258 “hordeum
1264 1217 1282 1232 ’'
1309 1217 1563 1271 significent
1595 1217 1763 1257 bonum

277 1287 323 1321 et
349 1294 501 1325 verum
529 1280 759 1328 ecclesiae,
788 1281 1025 1321 “triticum
1038 1280 1057 1295 ’'
1083 1281 1249 1321 bonum
1276 1280 1368 1333 ejus
1395 1287 1441 1321 et
1471 1284 1495 1300 “
1512 1279 1731 1320 hordeum
1743 1278 1763 1294 '’

277 1356 430 1383 verum
462 1343 568 1396 ejus,
600 1344 737 1384 etiam
769 1350 978 1384 constare
1010 1349 1164 1396 potest
1195 1357 1254 1384 ex
1287 1342 1396 1383 locis
1428 1343 1472 1383 in
1504 1341 1659 1382 Verbo
1690 1341 1764 1382 ubi

278 1406 579 1454 nominantur,
609 1412 656 1446 ut
683 1420 741 1446 ex
769 1406 1061 1459 sequentibus
1076 1405 1283 1459 t—Apud
1310 1405 1569 1453 Jeremiam,

347 1498 509 1541 Jehovah
537 1500 626 1541 “qui
652 1500 820 1540 dispersit
845 1499 1026 1537 Israelem,
1049 1500 1281 1540 congregabit
1305 1509 1396 1537 eum,
1424 1505 1458 1530 et
1483 1498 1659 1531 custodiet
1682 1506 1763 1530 eum

450 1544 540 1575 sicut
554 1550 674 1584 pastor
687 1554 830 1583 gregem
844 1554 948 1575 suum
964 1553 970 1580 :
996 1544 1079 1585 quia
1091 1543 1240 1575 redemit
1252 1543 1413 1584 Jehovah
1426 1542 1611 1584 Jacobum,
1627 1547 1663 1574 et
1678 1541 1765 1573 libe-

450 1588 540 1618 ravit
553 1597 632 1618 eum
647 1598 665 1619 e
680 1598 786 1618 manu
800 1588 959 1619 fortioris
975 1587 1034 1618 illo
1047 1598 1053 1619 z
1075 1587 1169 1619 unde
1181 1587 1325 1618 venient
1339 1592 1373 1618 et
1385 1592 1514 1617 canent
1528 1586 1563 1617 in
1577 1585 1763 1617 altitudine

449 1631 582 1668 Zionis,
600 1637 634 1662 et
648 1631 828 1662 confluent
845 1631 889 1662 ad
906 1632 1039 1662 bonum
1053 1630 1222 1672 Jehovae,
1239 1631 1283 1662 ad
1301 1630 1467 1667 triticum,
1483 1630 1528 1660 ad
1545 1634 1713 1666 mustum,
1729 1634 1765 1660 et

449 1675 493 1706 ad
510 1675 639 1711 oleum,
659 1681 694 1706 et
710 1675 754 1706 ad
775 1674 865 1705 filios
881 1675 1000 1714 gregis
1018 1680 1053 1706 et
1069 1674 1221 1706 armenti
1235 1683 1242 1712 ;
1267 1679 1302 1705 et
1318 1673 1377 1705 fiet
1394 1673 1514 1704 anima
1531 1682 1656 1704 eorum
1673 1671 1764 1704 sicut

448 1718 571 1749 hortus
590 1718 741 1758 irriguus
754 1718 770 1730 ’'
787 1718 895 1758 (xxxi.
913 1720 1050 1757 10-12):

274 1810 423 1863 agitur
440 1810 497 1850 ibi
517 1810 571 1851 de
594 1811 920 1851 instauratione
939 1810 1156 1851 ecclesiae
1175 1824 1319 1851 novae
1337 1824 1346 1860 ;
1379 1824 1456 1863 per
1477 1813 1502 1829 “
1516 1807 1763 1850 Israelem''

274 1880 319 1914 et
358 1887 435 1926 per
469 1873 752 1925 “Jacobum”
784 1873 1062 1926 significatur
1094 1872 1171 1914 illa
1207 1872 1424 1923 ecclesia;
1467 1886 1545 1926 per
1579 1875 1603 1892 ‘⁶
1618 1870 1762 1912 Israe-

274 1935 394 1976 lem”
411 1936 602 1977 ecclesia
619 1937 861 1989 spiritualis
880 1937 1070 1985 interna,
1091 1942 1137 1977 et
1161 1950 1238 1990 per
1259 1935 1503 1988 “Jacobum
1517 1934 1536 1950 ”
1554 1941 1760 1983 externa,

274 2011 377 2038 nam
395 2000 540 2039 omnis
558 1999 749 2039 ecclesia
771 2006 839 2040 est
862 2000 1039 2040 interna
1061 2005 1106 2040 et
1130 2005 1349 2039 externa:
1384 1996 1652 2038 instauratio
1670 1996 1763 2050 ejus

274 2061 539 2102 describitur
562 2075 639 2115 per
661 2062 779 2115 quod
806 2061 1047 2115 “Jehovah
1071 2061 1369 2115 congregabit
1393 2074 1508 2108 eum,
1533 2059 1761 2101 custodiet

272 2137 373 2163 eum
400 2124 515 2164 sicut
547 2131 703 2178 pastor
728 2138 914 2177 gregem
941 2138 1082 2172 suum,
1111 2125 1213 2177 quia
1238 2124 1428 2164 redemit
1454 2123 1687 2175 Jacobum,
1715 2129 1762 2163 et

273 2186 478 2228 liberavit
501 2201 524 2227 e
548 2201 681 2227 manu
703 2187 897 2228 fortioris
919 2187 997 2228 illo
1015 2187 1050 2238 ;”
1081 2201 1159 2240 per
1180 2186 1468 2227 “redimere’'
1486 2185 1764 2239 significatur

271 2247 515 2288 reformare
547 2259 704 2295 (videatur
723 2268 874 2296 supram.
893 2250 1016 2300 328);
1053 2261 1132 2302 per
1164 2252 1389 2287 “manum
1420 2247 1618 2287 fortioris
1648 2245 1762 2287 illo‘'

272 2309 548 2362 significatur
570 2324 593 2350 e
616 2310 736 2350 malo
759 2317 803 2351 et
827 2310 954 2359 falso,
979 2324 1093 2363 quae
1115 2310 1233 2363 prius
1256 2315 1590 2362 occupaverunt
1609 2322 1617 2358 ;
1649 2321 1761 2361 gau-

271 2372 392 2412 dium
424 2373 649 2412 internum
682 2387 758 2412 seu
796 2373 1008 2425 gaudium
1041 2372 1186 2413 cordis
1224 2371 1401 2412 illorum
1434 2371 1668 2412 oriundum
1701 2385 1760 2412 ex

271 2435 391 2475 bono
409 2435 594 2476 caelesti
613 2442 658 2476 et
678 2449 735 2475 ex
751 2437 865 2475 veris
884 2436 1001 2484 inde,
1018 2434 1293 2488 significatur
1311 2448 1389 2487 per
1406 2434 1561 2474 “unde
1576 2435 1759 2475 venient

272 2504 317 2538 et
340 2504 506 2538 canent
529 2499 573 2538 in
596 2498 836 2539 altitudine
860 2499 1025 2547 ZioniS,
1045 2505 1091 2539 et
1110 2497 1335 2539 confluent
1358 2497 1415 2538 ad
1439 2497 1606 2538 bonum
1622 2497 1760 2550 Jeho-

270 2574 367 2609 vae,
387 2561 444 2600 ad
462 2561 675 2608 triticum,
696 2561 751 2600 ad
772 2568 983 2616 mustum,
1003 2568 1049 2602 et
1067 2561 1124 2602 ad
1147 2560 1309 2609 oleum,
1329 2566 1374 2601 et
1394 2560 1450 2600 ad
1473 2559 1587 2600 filios
1609 2561 1761 2613 gregis

270 2629 321 2664 et
331 2624 523 2664 armenti
541 2623 575 2673 ;'’
592 2626 791 2664 “canere
807 2625 850 2664 in
865 2624 1105 2665 altitudine
1121 2622 1530 2676 Zionis”significat
1546 2623 1759 2675 gaudium

270 2686 496 2727 internum
523 2685 721 2727 caeleste
748 2700 825 2726 seu
851 2686 982 2740 quale
1009 2693 1078 2728 est
1104 2687 1149 2727 in
1174 2698 1316 2738 regno
1342 2684 1529 2725 caelesti
1562 2685 1758 2734 Domini,

273 2751 299 2767 ‘⁴
312 2759 474 2787 canere
487 2746 506 2761 '’
521 2747 734 2799 gaudium
753 2747 863 2787 illud
880 2758 1038 2796 (videatur
1047 2751 1192 2795 supr'a,n.
1206 2745 1316 2798 326),
1333 2750 1357 2766 “
1371 2745 1570 2786 altitudo
1583 2745 1601 2760 '’
1617 2746 1758 2786 inter-

270 2822 390 2857 num,
411 2815 456 2849 et
479 2808 627 2848 “Zion
640 2807 659 2822 ”
677 2821 866 2861 regnum
889 2808 1114 2859 caeleste;
1144 2806 1412 2849 “triticum”
1430 2805 1653 2860 significat
1677 2804 1758 2846 bo-

271 2885 376 2912 num
408 2870 625 2912 naturalis
657 2870 864 2919 hominis,
901 2869 1174 2911 “mustum'’
1205 2883 1358 2911 verum
1390 2869 1496 2922 ejus,
1534 2869 1722 2910 “oleum
1738 2866 1759 2883 ”

269 2934 437 2975 bonum
465 2933 706 2988 spiritualis
729 2933 937 2983 hominis,
962 2933 1074 2974 “filii
1096 2933 1247 2987 gregis
1260 2932 1277 2947 ”
1300 2946 1405 2973 vera
1427 2931 1687 2985 spiritualia,
1711 2935 1758 2972 et
