2008 3360
602 352 709 384 CAP.
732 353 833 393 vn„
856 352 996 385 VERS.
1025 329 1195 396 1'4.—N.
1215 353 1272 396 47
1278 342 1387 398 5[a].
1501 363 1506 367 ·
1637 356 1653 387 1
1666 346 1741 399 183

245 465 472 506 motionem
484 465 718 517 falsorum
737 471 823 518 per
846 465 967 515 illas,
992 471 1175 507 constat
1200 479 1259 507 ex
1286 466 1615 520 significatione
1639 467 1742 509 “la-

244 527 387 576 vare‚”
405 528 524 582 quod
546 529 604 569 sit
627 527 857 581 purificare
879 542 906 569 a
926 528 1048 569 falsis
1069 534 1116 570 et
1139 528 1282 578 malis,
1303 529 1492 582 proinde
1510 543 1742 572 removere

244 591 345 641 illa;
378 604 481 631 nam
500 590 619 631 mala
635 597 681 632 et
704 591 815 632 falsa
836 591 955 645 apud
978 591 1223 640 hominem,
1242 592 1446 644 spiritum
1465 598 1511 634 et
1529 592 1742 646 angelum

244 667 334 694 non
357 653 627 702 auferuntur,
651 654 730 694 sed
756 661 1061 703 removentur,
1083 660 1130 695 et
1153 667 1255 695 cum
1277 661 1453 696 remota
1475 661 1580 696 sunt
1602 668 1741 709 appa-

243 721 346 755 rent
382 715 500 755 Sicut
530 715 690 755 ablata
720 725 777 763 (de
795 735 860 763 qua
878 735 914 755 re
930 726 1076 756 videatur
1093 726 1127 755 in
1146 726 1305 756 Doctrina
1323 727 1433 756 Novae
1452 727 1695 765 Hierosolymae,
1711 737 1743 759 n.

244 785 311 819 166,
329 785 400 823 170)
418 788 426 814 :
459 774 566 815 inde
583 788 663 828 per
683 779 707 795 “
721 775 878 816 lavare
890 775 911 790 ”
927 774 1209 829 significatur
1225 789 1465 817 removere
1480 775 1595 817 falsa
1612 783 1659 818 et
1676 777 1740 817 sic

243 835 498 888 purificare:
537 842 583 877 et
609 850 669 877 ex
695 835 1027 889 significatione
1052 839 1077 857 “
1093 836 1353 886 stolarum,”
1374 837 1495 891 quod
1522 838 1612 878 sint
1634 851 1741 879 vera

242 897 443 938 tutantia
463 898 507 938 in
525 898 756 938 communi
778 908 834 946 (de
846 917 911 945 qua
924 917 1030 946 supra,
1043 917 1076 938 n.
1091 906 1209 951 395);
1239 897 1312 939 hic
1330 904 1487 939 autem
1504 912 1585 952 per
1604 903 1739 940 “sto-

241 957 346 1006 las‚'’
367 965 612 1012 antequam
635 958 789 1000 lavata
811 966 857 1000 et
880 958 1094 1000 dealbata
1115 965 1235 1007 sunt,
1254 958 1565 1013 significantur
1581 960 1692 1002 falsa
1713 974 1740 1002 a

241 1021 399 1074 quibus
420 1020 660 1076 [nondum]
682 1021 915 1075 purificata
936 1028 1068 1073 sunt;
1101 1035 1205 1063 nam
1223 1023 1297 1076 qui
1318 1023 1362 1063 in
1383 1023 1505 1064 salsis
1527 1038 1587 1064 ex
1609 1024 1739 1077 igno-

240 1085 387 1125 rantia
403 1091 522 1133 sunt,
541 1085 584 1125 in
603 1085 772 1126 mundo
789 1085 1007 1138 spirituali
1024 1092 1247 1139 apparent
1270 1086 1460 1139 primum
1477 1087 1522 1127 in
1540 1087 1740 1129 vestibus

241 1146 440 1188 obscuris
471 1148 874 1196 diversicoloribus,
905 1154 951 1190 et
984 1148 1090 1189 dum
1121 1149 1166 1189 in
1198 1149 1529 1191 tentationibus
1559 1157 1664 1192 sunt
1695 1152 1739 1192 in

239 1210 440 1251 vestibus
465 1211 723 1265 squallidis;
761 1218 807 1252 at
835 1225 936 1252 cum
962 1226 986 1252 e
1012 1212 1342 1253 tentationibus
1369 1213 1573 1262 veniunt,
1599 1227 1738 1268 appa-

239 1279 340 1314 rent
376 1273 420 1314 in
457 1273 586 1315 stolis
619 1274 731 1315 albis
764 1272 1012 1315 nitentibus
1044 1274 1290 1315 secundum
1327 1274 1682 1328 purificationem
1713 1291 1740 1319 a

238 1335 373 1377 falsis.
434 1336 633 1391 Quisque
665 1338 708 1378 in
740 1337 884 1378 altera
914 1338 1009 1378 vita
1037 1337 1238 1378 vestibus
1269 1344 1458 1390 apparet
1490 1339 1737 1382 secundum

239 1411 346 1439 vera
375 1406 421 1441 et
452 1401 697 1441 secundum
729 1399 841 1441 falsa
872 1414 984 1454 quae
1016 1399 1134 1453 apud
1162 1397 1319 1441 millum
1337 1414 1347 1451 3
1383 1401 1488 1441 inde
1519 1408 1590 1443 est
1617 1403 1738 1456 quod

242 1463 434 1502 “vestes
447 1461 467 1476 ”
488 1461 749 1515 significent
770 1475 894 1510 vera,
918 1468 964 1503 et
986 1462 1030 1502 in
1053 1461 1269 1515 opposito
1290 1475 1425 1502 sensu
1445 1461 1560 1504 salsa
1581 1474 1739 1512 (videatur

237 1538 343 1568 supra,
363 1540 394 1561 n.
421 1530 510 1574 195,
531 1531 655 1574 271):
693 1535 753 1562 ex
784 1521 854 1561 his
884 1527 1100 1562 constare
1130 1526 1287 1574 potest
1317 1521 1423 1575 quid
1454 1522 1738 1576 significatur

238 1594 318 1634 per
340 1583 460 1637 quod
485 1583 715 1624 “laverint
739 1582 882 1624 stolas
904 1596 1020 1630 suas,
1039 1589 1085 1623 et
1108 1581 1419 1624 dealbaverint
1441 1583 1577 1625 illas.”
1636 1585 1736 1626 An-

181 1640 188 1641 ’
238 1645 372 1699 tiquis
403 1646 695 1699 temporibus,
730 1646 911 1700 quando
947 1646 1099 1686 omnia
1134 1645 1353 1687 ecclesiae
1384 1653 1577 1688 externa
1607 1655 1736 1691 erant

237 1709 623 1760 repraesentativa
653 1714 700 1749 et
731 1707 1030 1761 significativa
1055 1708 1351 1762 spiritualium
1376 1716 1423 1750 et
1455 1710 1733 1761 caelestium,

237 1769 281 1810 in
318 1783 399 1811 usu
435 1770 611 1812 suerunt
650 1770 915 1820 lavationes,
949 1778 995 1812 et
1033 1785 1112 1824 per
1143 1771 1244 1812 illas
1278 1774 1736 1825 repraesentabantur

237 1832 569 1886 purificationes
595 1848 621 1875 a
646 1834 768 1875 falsis
793 1841 839 1875 et
866 1848 891 1875 a
917 1834 1072 1885 malis;
1105 1848 1239 1876 causa
1264 1835 1385 1889 quod
1413 1835 1703 1878 “lavationes
1714 1837 1734 1853 ”

237 1895 589 1948 significaverint
621 1897 735 1945 illas,
769 1904 865 1938 erat
897 1898 999 1951 quia
1031 1897 1243 1951 “aquae”
1267 1897 1582 1951 significabant
1613 1914 1733 1950 vera,

237 1971 289 1999 ac
318 1959 512 2000 “sordes
524 1959 543 1975 ’'
568 1960 680 2001 falsa
711 1966 757 2002 et
790 1960 923 2008 mala,
951 1966 997 2001 et
1024 1961 1170 2001 omnis
1201 1960 1451 2013 purificatio
1478 1960 1516 2003 a'
1534 1961 1656 2003 salsis
1687 1969 1733 2004 et

237 2019 370 2060 malis
394 2019 444 2061 fit
470 2034 550 2074 pel·
573 2035 682 2062 vera
699 2035 709 2072 ;
742 2031 846 2070 (quod
861 2029 878 2040 ¹¹
890 2041 994 2070 aquae
1006 2032 1022 2041 ”
1039 2032 1217 2070 significent
1228 2042 1312 2068 vera,
1325 2033 1470 2063 videatur
1480 2043 1586 2072 supra,
1599 2044 1630 2064 n.
1644 2034 1693 2077 71
1710 2035 1733 2074 ς)

236 2081 339 2122 inde
370 2088 440 2123 est
471 2083 591 2136 quod
629 2083 882 2124 lavationes
913 2083 1031 2136 apud
1068 2082 1182 2124 filios
1214 2083 1394 2125 Israelis
1423 2099 1483 2126 ex
1515 2085 1733 2127 mandato

235 2144 470 2186 institutae
495 2146 685 2197 fuerint;
717 2153 814 2187 erat
841 2147 959 2187 enim
987 2146 1105 2200 apud
1131 2146 1233 2188 illos
1258 2147 1449 2188 ecclesia
1470 2162 1732 2202 repraesen-

235 2209 393 2257 tativa,
412 2208 533 2262 cujus
555 2210 705 2250 omnia
728 2208 1043 2263 significabant
1063 2209 1322 2262 spiritualia,
1341 2224 1393 2251 ac
1414 2214 1438 2231 ‘⁴
1451 2210 1733 2252 lavationes”

236 2270 567 2324 purificationes
607 2286 632 2313 a
671 2272 794 2313 falsis
833 2278 880 2313 et
917 2271 1061 2321 malis,
1099 2278 1146 2313 et
1185 2273 1290 2314 inde
1327 2275 1731 2327 regenerationem.

236 2333 309 2376 Ob
334 2334 458 2376 illum
484 2335 619 2377 finem

307 2423 461 2499 Labrutgi
475 2434 626 2456 aeneum
641 2424 796 2465 positum
810 2429 886 2455 erat
902 2423 947 2456 ad
964 2424 1096 2456 ostium
1111 2424 1274 2456 Tentorii
1290 2431 1488 2458 conventus
1506 2425 1629 2467 (Exod.
1646 2436 1728 2459 xxx.

410 2475 426 2498 1
450 2476 517 2499 -20
543 2477 549 2484 ·

308 2509 352 2542 Et
368 2520 507 2552 quoque
517 2468 669 2543 >lavacra
687 2521 801 2542 aenea
820 2511 937 2551 posita
955 2516 1056 2542 erant
1076 2517 1177 2543 extra
1193 2511 1397 2553 Templum,
1415 2522 1527 2544 unum
1545 2523 1727 2554 magnum,

406 2555 500 2595 quod
512 2556 706 2586 vocabatur
718 2557 725 2569 ⁸
733 2556 740 2569 ‘
751 2564 850 2586 mare
859 2554 1048 2592 aeneum,”
1058 2561 1093 2586 et
1103 2555 1226 2587 decem
1239 2556 1380 2588 minora
1392 2555 1423 2597 (1
1434 2557 1582 2598 Reg.vii.
1595 2557 1726 2597 23—39).

232 2641 348 2696 Quia
375 2643 663 2684 “lavationes
675 2642 693 2657 ’'
716 2642 825 2683 talia
850 2641 1182 2695 significabant,
1209 2643 1312 2685 ideo
1338 2657 1439 2686 cum
1464 2644 1655 2686 Aharon
1681 2651 1728 2686 et

230 2705 307 2747 filii
331 2705 423 2759 ejus
448 2707 822 2759 inaugurarentur
847 2705 890 2745 in
917 2706 1220 2747 sacerdotium

301 2794 429 2837 Jussus
442 2801 496 2827 est
511 2795 633 2827 Moses
650 2795 730 2826 illos
743 2794 863 2826 lavare
876 2794 978 2835 aquis
991 2794 1036 2826 ad
1049 2795 1180 2828 ostium
1194 2795 1369 2835 Tentorii,
1385 2802 1421 2829 et
1437 2796 1488 2829 sic
1505 2794 1727 2829 sanetificare

403 2839 527 2879 (Exod.
544 2839 640 2870 xxix.
655 2847 697 2878 4;
722 2847 799 2878 cap.
815 2838 863 2869 xl.
882 2846 941 2870 12:
965 2837 1076 2871 Levit.
1092 2839 1164 2871 viii.
1180 2839 1235 2880 6);

229 2921 489 2963 sacerdotes
511 2921 629 2962 enirn
651 2920 1054 2973 repraesentabant
1077 2920 1322 2963 Dominum
1340 2921 1488 2976 quoad
1510 2921 1724 2963 Divinum

230 2983 419 3033 Bonum,
438 2984 553 3025 sicut
575 2996 707 3037 reges
724 2982 883 3036 ‘Ipsum
900 2983 1050 3037 quoad
1074 2983 1287 3026 Divinum
1304 2984 1475 3027 Verum
1492 2999 1504 3038 ;
1534 2984 1723 3039 proinde
