<?xml version="1.0" encoding="UTF-8"?>
<!DOCTYPE html PUBLIC "-//W3C//DTD XHTML 1.0 Transitional//EN"
    "http://www.w3.org/TR/xhtml1/DTD/xhtml1-transitional.dtd">
<html xmlns="http://www.w3.org/1999/xhtml" xml:lang="en" lang="en">
 <head>
  <title>
</title>
<meta http-equiv="Content-Type" content="text/html;charset=utf-8" />
  <meta name='ocr-system' content='tesseract 3.04.00' />
  <meta name='ocr-capabilities' content='ocr_page ocr_carea ocr_par ocr_line ocrx_word'/>
</head>
<body>
  <div class='ocr_page' id='page_1' title='image "apocalypsisexpli02sweduoft_0098.png"; bbox 0 0 2008 3360; ppageno 0'>
   <div class='ocr_carea' id='block_1_1' title="bbox 249 289 1325 336">
    <p class='ocr_par' dir='ltr' id='par_1_1' title="bbox 249 289 1325 336">
     <span class='ocr_line' id='line_1_1' title="bbox 249 289 1325 336; baseline -0.002 -12"><span class='ocrx_word' id='word_1_1' title='bbox 249 291 335 336; x_wconf 85' lang='grc'>750</span> <span class='ocrx_word' id='word_1_2' title='bbox 665 291 996 324; x_wconf 85' lang='lat' dir='ltr'>APOCALYPSIS</span> <span class='ocrx_word' id='word_1_3' title='bbox 1027 289 1325 323; x_wconf 86' lang='lat' dir='ltr'>EXPLICATA.</span> 
     </span>
    </p>
   </div>
   <div class='ocr_carea' id='block_1_2' title="bbox 244 401 1737 2002">
    <p class='ocr_par' dir='ltr' id='par_1_2' title="bbox 244 401 1737 2002">
     <span class='ocr_line' id='line_1_2' title="bbox 250 401 1734 458; baseline -0.001 -15"><span class='ocrx_word' id='word_1_4' title='bbox 250 403 490 457; x_wconf 88' lang='lat' dir='ltr'>spiritualis</span> <span class='ocrx_word' id='word_1_5' title='bbox 517 403 670 453; x_wconf 89' lang='lat' dir='ltr'><strong>Verbi,</strong></span> <span class='ocrx_word' id='word_1_6' title='bbox 698 404 742 445; x_wconf 92' lang='lat' dir='ltr'>in</span> <span class='ocrx_word' id='word_1_7' title='bbox 768 418 855 458; x_wconf 91' lang='lat' dir='ltr'>quo</span> <span class='ocrx_word' id='word_1_8' title='bbox 887 403 964 444; x_wconf 92' lang='lat' dir='ltr'>illa</span> <span class='ocrx_word' id='word_1_9' title='bbox 995 403 1300 451; x_wconf 88' lang='lat' dir='ltr'>continentur,</span> <span class='ocrx_word' id='word_1_10' title='bbox 1328 415 1418 443; x_wconf 89' lang='lat' dir='ltr'>non</span> <span class='ocrx_word' id='word_1_11' title='bbox 1445 409 1628 456; x_wconf 88' lang='lat' dir='ltr'>apertus</span> <span class='ocrx_word' id='word_1_12' title='bbox 1653 401 1734 443; x_wconf 88' lang='lat' dir='ltr'>suit</span> 
     </span>
     <span class='ocr_line' id='line_1_3' title="bbox 247 464 1735 519; baseline -0.001 -14"><span class='ocrx_word' id='word_1_13' title='bbox 247 464 441 517; x_wconf 83' lang='lat' dir='ltr'>Judaeis,</span> <span class='ocrx_word' id='word_1_14' title='bbox 459 466 560 519; x_wconf 89' lang='lat' dir='ltr'>quia</span> <span class='ocrx_word' id='word_1_15' title='bbox 578 466 613 506; x_wconf 90' lang='lat' dir='ltr'>si</span> <span class='ocrx_word' id='word_1_16' title='bbox 630 472 827 519; x_wconf 90' lang='lat' dir='ltr'>apertus,</span> <span class='ocrx_word' id='word_1_17' title='bbox 848 465 1206 519; x_wconf 89' lang='lat' dir='ltr'>profanavissent</span> <span class='ocrx_word' id='word_1_18' title='bbox 1224 479 1232 515; x_wconf 90' lang='lat'><strong>;</strong></span> <span class='ocrx_word' id='word_1_19' title='bbox 1260 470 1305 505; x_wconf 94' lang='lat' dir='ltr'>et</span> <span class='ocrx_word' id='word_1_20' title='bbox 1327 464 1429 505; x_wconf 90' lang='lat' dir='ltr'>ideo</span> <span class='ocrx_word' id='word_1_21' title='bbox 1451 477 1532 505; x_wconf 89' lang='lat' dir='ltr'>nec</span> <span class='ocrx_word' id='word_1_22' title='bbox 1552 469 1735 517; x_wconf 88' lang='lat' dir='ltr'>apertus</span> 
     </span>
     <span class='ocr_line' id='line_1_4' title="bbox 249 526 1734 581; baseline -0.001 -13"><span class='ocrx_word' id='word_1_23' title='bbox 249 527 328 568; x_wconf 91' lang='lat' dir='ltr'>fuit</span> <span class='ocrx_word' id='word_1_24' title='bbox 343 526 623 576; x_wconf 89' lang='lat' dir='ltr'>Christianis,</span> <span class='ocrx_word' id='word_1_25' title='bbox 640 528 850 581; x_wconf 88' lang='lat' dir='ltr'>quoniam</span> <span class='ocrx_word' id='word_1_26' title='bbox 868 528 1005 568; x_wconf 88' lang='lat' dir='ltr'>etiam</span> <span class='ocrx_word' id='word_1_27' title='bbox 1021 526 1079 574; x_wconf 91' lang='lat' dir='ltr'>hi,</span> <span class='ocrx_word' id='word_1_28' title='bbox 1094 527 1129 567; x_wconf 91' lang='lat' dir='ltr'>si</span> <span class='ocrx_word' id='word_1_29' title='bbox 1140 532 1334 580; x_wconf 88' lang='lat' dir='ltr'>apertus,</span> <span class='ocrx_word' id='word_1_30' title='bbox 1348 526 1707 580; x_wconf 87' lang='lat' dir='ltr'>profanavissent</span> <span class='ocrx_word' id='word_1_31' title='bbox 1725 539 1734 576; x_wconf 92' lang='lat'>;</span> 
     </span>
     <span class='ocr_line' id='line_1_5' title="bbox 248 588 1735 642; baseline -0.001 -12"><span class='ocrx_word' id='word_1_32' title='bbox 248 589 351 630; x_wconf 91' lang='lat' dir='ltr'>ideo</span> <span class='ocrx_word' id='word_1_33' title='bbox 365 590 502 630; x_wconf 89' lang='lat' dir='ltr'>etiam</span> <span class='ocrx_word' id='word_1_34' title='bbox 514 589 581 630; x_wconf 89' lang='lat' dir='ltr'>his</span> <span class='ocrx_word' id='word_1_35' title='bbox 594 590 708 630; x_wconf 87' lang='lat' dir='ltr'>sicut</span> <span class='ocrx_word' id='word_1_36' title='bbox 723 590 808 630; x_wconf 88' lang='lat' dir='ltr'>illis</span> <span class='ocrx_word' id='word_1_37' title='bbox 821 589 1018 630; x_wconf 86' lang='lat' dir='ltr'>celatum</span> <span class='ocrx_word' id='word_1_38' title='bbox 1032 589 1111 629; x_wconf 91' lang='lat' dir='ltr'>fuit</span> <span class='ocrx_word' id='word_1_39' title='bbox 1127 588 1245 642; x_wconf 88' lang='lat' dir='ltr'>quod</span> <span class='ocrx_word' id='word_1_40' title='bbox 1259 588 1417 642; x_wconf 90' lang='lat' dir='ltr'>aliquis</span> <span class='ocrx_word' id='word_1_41' title='bbox 1428 601 1584 629; x_wconf 88' lang='lat' dir='ltr'>sensus</span> <span class='ocrx_word' id='word_1_42' title='bbox 1596 588 1735 628; x_wconf 88' lang='lat' dir='ltr'>inter-</span> 
     </span>
     <span class='ocr_line' id='line_1_6' title="bbox 249 649 1734 705; baseline -0.001 -14"><span class='ocrx_word' id='word_1_43' title='bbox 249 664 330 691; x_wconf 91' lang='lat' dir='ltr'>nus</span> <span class='ocrx_word' id='word_1_44' title='bbox 346 665 423 692; x_wconf 87' lang='lat' dir='ltr'>seu</span> <span class='ocrx_word' id='word_1_45' title='bbox 438 651 679 705; x_wconf 88' lang='lat' dir='ltr'>spiritualis</span> <span class='ocrx_word' id='word_1_46' title='bbox 694 653 861 692; x_wconf 87' lang='lat' dir='ltr'>inesset</span> <span class='ocrx_word' id='word_1_47' title='bbox 877 652 1024 692; x_wconf 91' lang='lat' dir='ltr'>sensui</span> <span class='ocrx_word' id='word_1_48' title='bbox 1040 651 1233 700; x_wconf 82' lang='lat' dir='ltr'>litterae,</span> <span class='ocrx_word' id='word_1_49' title='bbox 1250 652 1323 705; x_wconf 91' lang='lat' dir='ltr'>qui</span> <span class='ocrx_word' id='word_1_50' title='bbox 1339 649 1734 700; x_wconf 87' lang='lat' dir='ltr'>naturalis‚Verbi;</span> 
     </span>
     <span class='ocr_line' id='line_1_7' title="bbox 250 711 1737 766; baseline -0.001 -14"><span class='ocrx_word' id='word_1_51' title='bbox 250 718 387 765; x_wconf 91' lang='lat' dir='ltr'>utque</span> <span class='ocrx_word' id='word_1_52' title='bbox 413 712 456 752; x_wconf 92' lang='lat' dir='ltr'>in</span> <span class='ocrx_word' id='word_1_53' title='bbox 479 713 735 765; x_wconf 82' lang='lat' dir='ltr'>ignorantia</span> <span class='ocrx_word' id='word_1_54' title='bbox 757 712 812 753; x_wconf 91' lang='lat' dir='ltr'>de</span> <span class='ocrx_word' id='word_1_55' title='bbox 834 711 912 752; x_wconf 90' lang='lat' dir='ltr'>illo</span> <span class='ocrx_word' id='word_1_56' title='bbox 934 718 1102 761; x_wconf 84' lang='lat' dir='ltr'>essent,</span> <span class='ocrx_word' id='word_1_57' title='bbox 1126 713 1351 766; x_wconf 92' lang='lat' dir='ltr'>provisum</span> <span class='ocrx_word' id='word_1_58' title='bbox 1374 718 1444 752; x_wconf 89' lang='lat' dir='ltr'>est</span> <span class='ocrx_word' id='word_1_59' title='bbox 1471 717 1519 751; x_wconf 91' lang='lat' dir='ltr'>ut</span> <span class='ocrx_word' id='word_1_60' title='bbox 1546 711 1737 751; x_wconf 88' lang='lat' dir='ltr'>scientia</span> 
     </span>
     <span class='ocr_line' id='line_1_8' title="bbox 252 773 1733 827; baseline -0.001 -13"><span class='ocrx_word' id='word_1_61' title='bbox 252 774 766 827; x_wconf 86' lang='lat' dir='ltr'>correspondentiarum,</span> <span class='ocrx_word' id='word_1_62' title='bbox 800 788 913 827; x_wconf 89' lang='lat' dir='ltr'>quae</span> <span class='ocrx_word' id='word_1_63' title='bbox 948 774 1028 815; x_wconf 84' lang='lat' dir='ltr'>fuit</span> <span class='ocrx_word' id='word_1_64' title='bbox 1065 774 1253 815; x_wconf 86' lang='lat' dir='ltr'>scientia</span> <span class='ocrx_word' id='word_1_65' title='bbox 1288 773 1494 827; x_wconf 89' lang='lat' dir='ltr'>primaria</span> <span class='ocrx_word' id='word_1_66' title='bbox 1525 773 1733 825; x_wconf 85' lang='lat' dir='ltr'>antiquis,</span> 
     </span>
     <span class='ocr_line' id='line_1_9' title="bbox 249 835 1735 889; baseline -0.001 -14"><span class='ocrx_word' id='word_1_67' title='bbox 249 835 483 888; x_wconf 89' lang='lat' dir='ltr'>deperdita</span> <span class='ocrx_word' id='word_1_68' title='bbox 505 836 577 884; x_wconf 85' lang='lat' dir='ltr'>sit,</span> <span class='ocrx_word' id='word_1_69' title='bbox 601 836 665 876; x_wconf 88' lang='lat' dir='ltr'>ita</span> <span class='ocrx_word' id='word_1_70' title='bbox 687 850 865 889; x_wconf 91' lang='lat' dir='ltr'>prorsus</span> <span class='ocrx_word' id='word_1_71' title='bbox 889 842 937 877; x_wconf 90' lang='lat' dir='ltr'>ut</span> <span class='ocrx_word' id='word_1_72' title='bbox 964 849 1045 877; x_wconf 90' lang='lat' dir='ltr'>nec</span> <span class='ocrx_word' id='word_1_73' title='bbox 1069 837 1232 876; x_wconf 89' lang='lat' dir='ltr'>scitum</span> <span class='ocrx_word' id='word_1_74' title='bbox 1255 836 1312 876; x_wconf 92' lang='lat' dir='ltr'>sit</span> <span class='ocrx_word' id='word_1_75' title='bbox 1338 835 1442 889; x_wconf 93' lang='lat' dir='ltr'>quid</span> <span class='ocrx_word' id='word_1_76' title='bbox 1469 847 1735 888; x_wconf 90' lang='lat' dir='ltr'>correspon-</span> 
     </span>
     <span class='ocr_line' id='line_1_10' title="bbox 249 896 1735 951; baseline -0.001 -14"><span class='ocrx_word' id='word_1_77' title='bbox 249 897 417 946; x_wconf 90' lang='lat' dir='ltr'>dentia,</span> <span class='ocrx_word' id='word_1_78' title='bbox 464 903 510 938; x_wconf 92' lang='lat' dir='ltr'>et</span> <span class='ocrx_word' id='word_1_79' title='bbox 548 898 652 938; x_wconf 90' lang='lat' dir='ltr'>inde</span> <span class='ocrx_word' id='word_1_80' title='bbox 689 898 793 951; x_wconf 91' lang='lat' dir='ltr'>quid</span> <span class='ocrx_word' id='word_1_81' title='bbox 831 911 988 938; x_wconf 87' lang='lat' dir='ltr'>sensus</span> <span class='ocrx_word' id='word_1_82' title='bbox 1022 897 1263 951; x_wconf 88' lang='lat' dir='ltr'>spiritualis</span> <span class='ocrx_word' id='word_1_83' title='bbox 1300 897 1464 938; x_wconf 89' lang='lat' dir='ltr'>Verbi:</span> <span class='ocrx_word' id='word_1_84' title='bbox 1508 902 1578 937; x_wconf 87' lang='lat' dir='ltr'>est</span> <span class='ocrx_word' id='word_1_85' title='bbox 1615 896 1735 937; x_wconf 90' lang='lat' dir='ltr'>enim</span> 
     </span>
     <span class='ocr_line' id='line_1_11' title="bbox 249 958 1736 1013; baseline 0 -13"><span class='ocrx_word' id='word_1_86' title='bbox 249 958 452 1000; x_wconf 89' lang='lat' dir='ltr'>Verbum</span> <span class='ocrx_word' id='word_1_87' title='bbox 491 973 569 1013; x_wconf 93' lang='lat' dir='ltr'>per</span> <span class='ocrx_word' id='word_1_88' title='bbox 601 973 745 1000; x_wconf 86' lang='lat' dir='ltr'>meras</span> <span class='ocrx_word' id='word_1_89' title='bbox 784 960 1207 1013; x_wconf 91' lang='lat' dir='ltr'>correspondentias</span> <span class='ocrx_word' id='word_1_90' title='bbox 1244 960 1564 1012; x_wconf 90' lang='lat' dir='ltr'>conscriptum,</span> <span class='ocrx_word' id='word_1_91' title='bbox 1598 972 1736 1012; x_wconf 90' lang='lat' dir='ltr'>quare</span> 
     </span>
     <span class='ocr_line' id='line_1_12' title="bbox 248 1021 1733 1075; baseline -0.001 -14"><span class='ocrx_word' id='word_1_92' title='bbox 248 1021 415 1075; x_wconf 85' lang='lat' dir='ltr'>absque</span> <span class='ocrx_word' id='word_1_93' title='bbox 434 1023 622 1064; x_wconf 90' lang='lat' dir='ltr'>scientia</span> <span class='ocrx_word' id='word_1_94' title='bbox 639 1022 814 1062; x_wconf 90' lang='lat' dir='ltr'>illarum</span> <span class='ocrx_word' id='word_1_95' title='bbox 833 1035 915 1062; x_wconf 93' lang='lat' dir='ltr'>nec</span> <span class='ocrx_word' id='word_1_96' title='bbox 935 1022 1035 1062; x_wconf 91' lang='lat' dir='ltr'>sciri</span> <span class='ocrx_word' id='word_1_97' title='bbox 1053 1022 1200 1075; x_wconf 84' lang='lat' dir='ltr'>potuit</span> <span class='ocrx_word' id='word_1_98' title='bbox 1224 1021 1326 1075; x_wconf 93' lang='lat' dir='ltr'>quid</span> <span class='ocrx_word' id='word_1_99' title='bbox 1345 1034 1502 1062; x_wconf 87' lang='lat' dir='ltr'>sensus</span> <span class='ocrx_word' id='word_1_100' title='bbox 1519 1021 1733 1062; x_wconf 91' lang='lat' dir='ltr'>internus.</span> 
     </span>
     <span class='ocr_line' id='line_1_13' title="bbox 251 1083 1736 1138; baseline -0.001 -14"><span class='ocrx_word' id='word_1_101' title='bbox 251 1083 352 1124; x_wconf 88' lang='lat' dir='ltr'>Hoc</span> <span class='ocrx_word' id='word_1_102' title='bbox 377 1085 604 1138; x_wconf 89' lang='lat' dir='ltr'>provisum</span> <span class='ocrx_word' id='word_1_103' title='bbox 628 1090 696 1125; x_wconf 91' lang='lat' dir='ltr'>est</span> <span class='ocrx_word' id='word_1_104' title='bbox 720 1098 744 1124; x_wconf 93' lang='lat' dir='ltr'>a</span> <span class='ocrx_word' id='word_1_105' title='bbox 768 1084 966 1124; x_wconf 90' lang='lat' dir='ltr'>Domino</span> <span class='ocrx_word' id='word_1_106' title='bbox 985 1097 1041 1125; x_wconf 90' lang='lat' dir='ltr'>ne</span> <span class='ocrx_word' id='word_1_107' title='bbox 1063 1084 1402 1137; x_wconf 84' lang='lat' dir='ltr'>profanarentur</span> <span class='ocrx_word' id='word_1_108' title='bbox 1423 1084 1519 1136; x_wconf 87' lang='lat' dir='ltr'>ipsa</span> <span class='ocrx_word' id='word_1_109' title='bbox 1541 1084 1736 1136; x_wconf 88' lang='lat' dir='ltr'>genuina</span> 
     </span>
     <span class='ocr_line' id='line_1_14' title="bbox 249 1145 1734 1200; baseline 0 -14"><span class='ocrx_word' id='word_1_110' title='bbox 249 1146 368 1186; x_wconf 89' lang='lat' dir='ltr'>bona</span> <span class='ocrx_word' id='word_1_111' title='bbox 391 1152 436 1186; x_wconf 92' lang='lat' dir='ltr'>et</span> <span class='ocrx_word' id='word_1_112' title='bbox 459 1160 579 1195; x_wconf 89' lang='lat' dir='ltr'>vera,</span> <span class='ocrx_word' id='word_1_113' title='bbox 604 1147 647 1186; x_wconf 90' lang='lat' dir='ltr'>in</span> <span class='ocrx_word' id='word_1_114' title='bbox 670 1147 828 1200; x_wconf 89' lang='lat' dir='ltr'>quibus</span> <span class='ocrx_word' id='word_1_115' title='bbox 851 1152 957 1187; x_wconf 90' lang='lat' dir='ltr'>sunt</span> <span class='ocrx_word' id='word_1_116' title='bbox 982 1145 1094 1187; x_wconf 92' lang='lat' dir='ltr'>caeli</span> <span class='ocrx_word' id='word_1_117' title='bbox 1117 1146 1378 1199; x_wconf 88' lang='lat' dir='ltr'>superiores.</span> <span class='ocrx_word' id='word_1_118' title='bbox 1410 1145 1558 1198; x_wconf 71' lang='lat' dir='ltr'>vQuod</span> <span class='ocrx_word' id='word_1_119' title='bbox 1581 1152 1734 1186; x_wconf 87' lang='lat' dir='ltr'>autem</span> 
     </span>
     <span class='ocr_line' id='line_1_15' title="bbox 250 1207 1734 1262; baseline 0 -15"><span class='ocrx_word' id='word_1_120' title='bbox 250 1221 405 1248; x_wconf 88' lang='lat' dir='ltr'>sensus</span> <span class='ocrx_word' id='word_1_121' title='bbox 432 1208 632 1248; x_wconf 90' lang='lat' dir='ltr'>internus</span> <span class='ocrx_word' id='word_1_122' title='bbox 659 1222 735 1249; x_wconf 89' lang='lat' dir='ltr'>seu</span> <span class='ocrx_word' id='word_1_123' title='bbox 763 1208 1003 1262; x_wconf 85' lang='lat' dir='ltr'>spiritualis</span> <span class='ocrx_word' id='word_1_124' title='bbox 1031 1207 1170 1249; x_wconf 90' lang='lat' dir='ltr'>Verbi</span> <span class='ocrx_word' id='word_1_125' title='bbox 1197 1207 1331 1248; x_wconf 92' lang='lat' dir='ltr'>hodie</span> <span class='ocrx_word' id='word_1_126' title='bbox 1351 1214 1538 1261; x_wconf 57' lang='lat' dir='ltr'>‘apertus</span> <span class='ocrx_word' id='word_1_127' title='bbox 1565 1208 1635 1254; x_wconf 83' lang='lat' dir='ltr'>sit,</span> <span class='ocrx_word' id='word_1_128' title='bbox 1664 1214 1734 1248; x_wconf 87' lang='lat' dir='ltr'>est</span> 
     </span>
     <span class='ocr_line' id='line_1_16' title="bbox 248 1268 1734 1324; baseline -0.001 -14"><span class='ocrx_word' id='word_1_129' title='bbox 248 1270 352 1323; x_wconf 90' lang='lat' dir='ltr'>quia</span> <span class='ocrx_word' id='word_1_130' title='bbox 390 1269 595 1310; x_wconf 89' lang='lat' dir='ltr'>ultimum</span> <span class='ocrx_word' id='word_1_131' title='bbox 633 1270 843 1322; x_wconf 90' lang='lat' dir='ltr'>judicium</span> <span class='ocrx_word' id='word_1_132' title='bbox 884 1268 1113 1324; x_wconf 64' lang='lat' dir='ltr'>peraetum</span> <span class='ocrx_word' id='word_1_133' title='bbox 1152 1275 1235 1318; x_wconf 86' lang='lat' dir='ltr'>est,</span> <span class='ocrx_word' id='word_1_134' title='bbox 1277 1275 1323 1310; x_wconf 92' lang='lat' dir='ltr'>et</span> <span class='ocrx_word' id='word_1_135' title='bbox 1361 1270 1464 1310; x_wconf 89' lang='lat' dir='ltr'>inde</span> <span class='ocrx_word' id='word_1_136' title='bbox 1501 1270 1651 1310; x_wconf 90' lang='lat' dir='ltr'>omnia</span> <span class='ocrx_word' id='word_1_137' title='bbox 1691 1270 1734 1310; x_wconf 89' lang='lat' dir='ltr'>in</span> 
     </span>
     <span class='ocr_line' id='line_1_17' title="bbox 248 1330 1734 1379; baseline 0.001 -8"><span class='ocrx_word' id='word_1_138' title='bbox 248 1331 385 1372; x_wconf 89' lang='lat' dir='ltr'>caelis</span> <span class='ocrx_word' id='word_1_139' title='bbox 412 1338 457 1372; x_wconf 94' lang='lat' dir='ltr'>et</span> <span class='ocrx_word' id='word_1_140' title='bbox 490 1333 533 1372; x_wconf 91' lang='lat' dir='ltr'>in</span> <span class='ocrx_word' id='word_1_141' title='bbox 566 1333 744 1373; x_wconf 83' lang='lat' dir='ltr'>infernis</span> <span class='ocrx_word' id='word_1_142' title='bbox 770 1333 814 1373; x_wconf 89' lang='lat' dir='ltr'>in</span> <span class='ocrx_word' id='word_1_143' title='bbox 842 1332 1044 1373; x_wconf 88' lang='lat' dir='ltr'>ordinem</span> <span class='ocrx_word' id='word_1_144' title='bbox 1073 1330 1257 1373; x_wconf 67' lang='lat' dir='ltr'>reda&amp;a</span> <span class='ocrx_word' id='word_1_145' title='bbox 1278 1337 1397 1379; x_wconf 88' lang='lat' dir='ltr'>sunt,</span> <span class='ocrx_word' id='word_1_146' title='bbox 1425 1338 1471 1372; x_wconf 91' lang='lat' dir='ltr'>et</span> <span class='ocrx_word' id='word_1_147' title='bbox 1498 1332 1558 1372; x_wconf 89' lang='lat' dir='ltr'>sic</span> <span class='ocrx_word' id='word_1_148' title='bbox 1586 1345 1612 1372; x_wconf 89' lang='lat' dir='ltr'>a</span> <span class='ocrx_word' id='word_1_149' title='bbox 1639 1331 1734 1372; x_wconf 93' lang='lat' dir='ltr'>Do-</span> 
     </span>
     <span class='ocr_line' id='line_1_18' title="bbox 249 1393 1735 1449; baseline 0.001 -16"><span class='ocrx_word' id='word_1_150' title='bbox 249 1394 370 1434; x_wconf 89' lang='lat' dir='ltr'>mino</span> <span class='ocrx_word' id='word_1_151' title='bbox 402 1395 624 1446; x_wconf 91' lang='lat' dir='ltr'>provideri</span> <span class='ocrx_word' id='word_1_152' title='bbox 662 1401 815 1448; x_wconf 88' lang='lat' dir='ltr'>potest</span> <span class='ocrx_word' id='word_1_153' title='bbox 853 1408 909 1436; x_wconf 90' lang='lat' dir='ltr'>ne</span> <span class='ocrx_word' id='word_1_154' title='bbox 946 1394 1280 1449; x_wconf 85' lang='lat' dir='ltr'>profanationes</span> <span class='ocrx_word' id='word_1_155' title='bbox 1317 1395 1533 1434; x_wconf 87' lang='lat' dir='ltr'>existant.</span> <span class='ocrx_word' id='word_1_156' title='bbox 1600 1393 1735 1446; x_wconf 81' lang='lat' dir='ltr'>Quod</span> 
     </span>
     <span class='ocr_line' id='line_1_19' title="bbox 250 1455 1734 1511; baseline 0.001 -16"><span class='ocrx_word' id='word_1_157' title='bbox 250 1468 406 1496; x_wconf 88' lang='lat' dir='ltr'>sensus</span> <span class='ocrx_word' id='word_1_158' title='bbox 424 1457 625 1497; x_wconf 88' lang='lat' dir='ltr'>internus</span> <span class='ocrx_word' id='word_1_159' title='bbox 644 1470 721 1497; x_wconf 89' lang='lat' dir='ltr'>seu</span> <span class='ocrx_word' id='word_1_160' title='bbox 744 1457 984 1510; x_wconf 89' lang='lat' dir='ltr'>spiritualis</span> <span class='ocrx_word' id='word_1_161' title='bbox 1006 1457 1252 1511; x_wconf 88' lang='lat' dir='ltr'>aperiretur</span> <span class='ocrx_word' id='word_1_162' title='bbox 1269 1462 1509 1509; x_wconf 89' lang='lat' dir='ltr'>postquam</span> <span class='ocrx_word' id='word_1_163' title='bbox 1528 1455 1734 1496; x_wconf 89' lang='lat' dir='ltr'>ultimum</span> 
     </span>
     <span class='ocr_line' id='line_1_20' title="bbox 244 1516 1734 1571; baseline 0.001 -15"><span class='ocrx_word' id='word_1_164' title='bbox 244 1516 458 1569; x_wconf 90' lang='lat' dir='ltr'>judicium</span> <span class='ocrx_word' id='word_1_165' title='bbox 477 1516 709 1570; x_wconf 66' lang='lat' dir='ltr'>peraGtum</span> <span class='ocrx_word' id='word_1_166' title='bbox 732 1524 817 1566; x_wconf 90' lang='lat' dir='ltr'>est,</span> <span class='ocrx_word' id='word_1_167' title='bbox 834 1518 1115 1571; x_wconf 65' lang='lat' dir='ltr'>praedietum</span> <span class='ocrx_word' id='word_1_168' title='bbox 1133 1524 1203 1559; x_wconf 89' lang='lat' dir='ltr'>est</span> <span class='ocrx_word' id='word_1_169' title='bbox 1225 1531 1251 1558; x_wconf 89' lang='lat' dir='ltr'>a</span> <span class='ocrx_word' id='word_1_170' title='bbox 1267 1517 1467 1558; x_wconf 89' lang='lat' dir='ltr'>Domino</span> <span class='ocrx_word' id='word_1_171' title='bbox 1492 1517 1536 1557; x_wconf 88' lang='lat' dir='ltr'>in</span> <span class='ocrx_word' id='word_1_172' title='bbox 1558 1517 1734 1569; x_wconf 76' lang='lat' dir='ltr'>Apoca-</span> 
     </span>
     <span class='ocr_line' id='line_1_21' title="bbox 248 1575 1733 1629; baseline 0.001 -14"><span class='ocrx_word' id='word_1_173' title='bbox 248 1576 367 1629; x_wconf 76' lang='lat' dir='ltr'>lypsi</span> <span class='ocrx_word' id='word_1_174' title='bbox 388 1587 442 1622; x_wconf 88' lang='lat' dir='ltr'>(de</span> <span class='ocrx_word' id='word_1_175' title='bbox 462 1595 526 1623; x_wconf 85' lang='lat' dir='ltr'>qua</span> <span class='ocrx_word' id='word_1_176' title='bbox 544 1596 577 1615; x_wconf 88' lang='lat' dir='ltr'>re</span> <span class='ocrx_word' id='word_1_177' title='bbox 592 1587 735 1616; x_wconf 80' lang='lat' dir='ltr'>videatur</span> <span class='ocrx_word' id='word_1_178' title='bbox 753 1588 784 1616; x_wconf 90' lang='lat' dir='ltr'>in</span> <span class='ocrx_word' id='word_1_179' title='bbox 805 1588 961 1625; x_wconf 90' lang='lat' dir='ltr'>opusculo</span> <span class='ocrx_word' id='word_1_180' title='bbox 978 1589 1027 1617; x_wconf 80' lang='lat' dir='ltr'>De</span> <span class='ocrx_word' id='word_1_181' title='bbox 1047 1589 1138 1625; x_wconf 83' lang='lat' dir='ltr'>Equo</span> <span class='ocrx_word' id='word_1_182' title='bbox 1156 1587 1264 1625; x_wconf 85' lang='lat' dir='ltr'><em>Albo).</em></span> <span class='ocrx_word' id='word_1_183' title='bbox 1324 1575 1460 1628; x_wconf 77' lang='lat' dir='ltr'>Quod</span> <span class='ocrx_word' id='word_1_184' title='bbox 1487 1588 1577 1615; x_wconf 80' lang='lat' dir='ltr'>non</span> <span class='ocrx_word' id='word_1_185' title='bbox 1604 1577 1733 1616; x_wconf 75' lang='lat' dir='ltr'>dam-</span> 
     </span>
     <span class='ocr_line' id='line_1_22' title="bbox 249 1636 1734 1692; baseline -0.001 -13"><span class='ocrx_word' id='word_1_186' title='bbox 249 1652 354 1679; x_wconf 89' lang='lat' dir='ltr'>num</span> <span class='ocrx_word' id='word_1_187' title='bbox 386 1638 619 1678; x_wconf 88' lang='lat' dir='ltr'>inferretur</span> <span class='ocrx_word' id='word_1_188' title='bbox 650 1639 797 1678; x_wconf 89' lang='lat' dir='ltr'>sensui</span> <span class='ocrx_word' id='word_1_189' title='bbox 835 1639 1015 1679; x_wconf 89' lang='lat' dir='ltr'>interno</span> <span class='ocrx_word' id='word_1_190' title='bbox 1049 1652 1125 1679; x_wconf 89' lang='lat' dir='ltr'>seu</span> <span class='ocrx_word' id='word_1_191' title='bbox 1159 1638 1376 1692; x_wconf 88' lang='lat' dir='ltr'>spirituali</span> <span class='ocrx_word' id='word_1_192' title='bbox 1408 1636 1562 1685; x_wconf 90' lang='lat' dir='ltr'>Verbi,</span> <span class='ocrx_word' id='word_1_193' title='bbox 1596 1638 1734 1678; x_wconf 87' lang='lat' dir='ltr'>etiam</span> 
     </span>
     <span class='ocr_line' id='line_1_23' title="bbox 250 1700 1734 1755; baseline -0.001 -13"><span class='ocrx_word' id='word_1_194' title='bbox 250 1700 526 1755; x_wconf 85' lang='lat' dir='ltr'>significatur</span> <span class='ocrx_word' id='word_1_195' title='bbox 563 1714 640 1753; x_wconf 92' lang='lat' dir='ltr'>per</span> <span class='ocrx_word' id='word_1_196' title='bbox 681 1701 799 1754; x_wconf 91' lang='lat' dir='ltr'>quod</span> <span class='ocrx_word' id='word_1_197' title='bbox 837 1708 988 1742; x_wconf 87' lang='lat' dir='ltr'>vestes</span> <span class='ocrx_word' id='word_1_198' title='bbox 1030 1701 1211 1741; x_wconf 90' lang='lat' dir='ltr'>Domini</span> <span class='ocrx_word' id='word_1_199' title='bbox 1251 1714 1277 1741; x_wconf 87' lang='lat' dir='ltr'>a</span> <span class='ocrx_word' id='word_1_200' title='bbox 1313 1700 1529 1741; x_wconf 90' lang='lat' dir='ltr'>militibus</span> <span class='ocrx_word' id='word_1_201' title='bbox 1565 1700 1734 1741; x_wconf 87' lang='lat' dir='ltr'>divisae</span> 
     </span>
     <span class='ocr_line' id='line_1_24' title="bbox 249 1764 1735 1818; baseline -0.001 -13"><span class='ocrx_word' id='word_1_202' title='bbox 249 1765 424 1812; x_wconf 87' lang='lat' dir='ltr'>fuerint,</span> <span class='ocrx_word' id='word_1_203' title='bbox 458 1769 503 1803; x_wconf 94' lang='lat' dir='ltr'>et</span> <span class='ocrx_word' id='word_1_204' title='bbox 536 1776 626 1803; x_wconf 89' lang='lat' dir='ltr'>non</span> <span class='ocrx_word' id='word_1_205' title='bbox 658 1764 810 1804; x_wconf 91' lang='lat' dir='ltr'>tunica</span> <span class='ocrx_word' id='word_1_206' title='bbox 842 1778 956 1818; x_wconf 89' lang='lat' dir='ltr'>quae</span> <span class='ocrx_word' id='word_1_207' title='bbox 981 1770 1077 1805; x_wconf 91' lang='lat' dir='ltr'>erat</span> <span class='ocrx_word' id='word_1_208' title='bbox 1108 1765 1347 1804; x_wconf 90' lang='lat' dir='ltr'>inconsuta</span> <span class='ocrx_word' id='word_1_209' title='bbox 1378 1764 1569 1816; x_wconf 88' lang='lat' dir='ltr'>desuper</span> <span class='ocrx_word' id='word_1_210' title='bbox 1602 1769 1735 1804; x_wconf 88' lang='lat' dir='ltr'>texta</span> 
     </span>
     <span class='ocr_line' id='line_1_25' title="bbox 248 1823 1733 1879; baseline -0.001 -13"><span class='ocrx_word' id='word_1_211' title='bbox 248 1839 327 1879; x_wconf 91' lang='lat' dir='ltr'>per</span> <span class='ocrx_word' id='word_1_212' title='bbox 338 1831 487 1866; x_wconf 91' lang='lat' dir='ltr'>totum</span> <span class='ocrx_word' id='word_1_213' title='bbox 504 1823 630 1877; x_wconf 75' lang='lat' dir='ltr'><em>(Jolz.</em></span> <span class='ocrx_word' id='word_1_214' title='bbox 650 1825 745 1864; x_wconf 87' lang='lat' dir='ltr'>xix.</span> <span class='ocrx_word' id='word_1_215' title='bbox 763 1835 831 1876; x_wconf 82' lang='lat'>23,</span> <span class='ocrx_word' id='word_1_216' title='bbox 846 1825 919 1876; x_wconf 87' lang='lat'>24)</span> <span class='ocrx_word' id='word_1_217' title='bbox 940 1839 948 1875; x_wconf 88' lang='lat'>;</span> <span class='ocrx_word' id='word_1_218' title='bbox 976 1839 1054 1878; x_wconf 93' lang='lat' dir='ltr'>per</span> <span class='ocrx_word' id='word_1_219' title='bbox 1073 1829 1256 1865; x_wconf 91' lang='lat' dir='ltr'>“vestes</span> <span class='ocrx_word' id='word_1_220' title='bbox 1269 1824 1419 1864; x_wconf 90' lang='lat' dir='ltr'>”enim</span> <span class='ocrx_word' id='word_1_221' title='bbox 1439 1824 1623 1865; x_wconf 89' lang='lat' dir='ltr'>Domini</span> <span class='ocrx_word' id='word_1_222' title='bbox 1641 1825 1733 1877; x_wconf 87' lang='lat' dir='ltr'>sig-</span> 
     </span>
     <span class='ocr_line' id='line_1_26' title="bbox 249 1885 1731 1940; baseline -0.001 -13"><span class='ocrx_word' id='word_1_223' title='bbox 249 1886 452 1928; x_wconf 87' lang='lat' dir='ltr'>nificatur</span> <span class='ocrx_word' id='word_1_224' title='bbox 484 1885 700 1932; x_wconf 86' lang='lat' dir='ltr'>Verbum,</span> <span class='ocrx_word' id='word_1_225' title='bbox 736 1900 813 1939; x_wconf 85' lang='lat' dir='ltr'>per</span> <span class='ocrx_word' id='word_1_226' title='bbox 846 1891 1035 1927; x_wconf 85' lang='lat' dir='ltr'>“vestes</span> <span class='ocrx_word' id='word_1_227' title='bbox 1071 1899 1184 1940; x_wconf 89' lang='lat' dir='ltr'>quae</span> <span class='ocrx_word' id='word_1_228' title='bbox 1216 1885 1415 1926; x_wconf 90' lang='lat' dir='ltr'>divisae”</span> <span class='ocrx_word' id='word_1_229' title='bbox 1448 1885 1650 1926; x_wconf 91' lang='lat' dir='ltr'>Verbum</span> <span class='ocrx_word' id='word_1_230' title='bbox 1687 1887 1731 1926; x_wconf 92' lang='lat' dir='ltr'>in</span> 
     </span>
     <span class='ocr_line' id='line_1_27' title="bbox 248 1948 1734 2002; baseline 0 -13"><span class='ocrx_word' id='word_1_231' title='bbox 248 1949 414 1997; x_wconf 89' lang='lat' dir='ltr'>littera,</span> <span class='ocrx_word' id='word_1_232' title='bbox 454 1962 532 2002; x_wconf 88' lang='lat' dir='ltr'>per</span> <span class='ocrx_word' id='word_1_233' title='bbox 568 1949 806 1989; x_wconf 87' lang='lat' dir='ltr'>“tunicam</span> <span class='ocrx_word' id='word_1_234' title='bbox 823 1949 841 1963; x_wconf 94' lang='lat'>’&#39;</span> <span class='ocrx_word' id='word_1_235' title='bbox 873 1949 1073 1990; x_wconf 89' lang='lat' dir='ltr'>Verbum</span> <span class='ocrx_word' id='word_1_236' title='bbox 1107 1949 1149 1989; x_wconf 92' lang='lat' dir='ltr'>in</span> <span class='ocrx_word' id='word_1_237' title='bbox 1187 1961 1320 1989; x_wconf 89' lang='lat' dir='ltr'>sensu</span> <span class='ocrx_word' id='word_1_238' title='bbox 1353 1948 1546 1997; x_wconf 87' lang='lat' dir='ltr'>interno,</span> <span class='ocrx_word' id='word_1_239' title='bbox 1579 1955 1625 1990; x_wconf 89' lang='lat' dir='ltr'>et</span> <span class='ocrx_word' id='word_1_240' title='bbox 1655 1962 1734 2002; x_wconf 94' lang='lat' dir='ltr'>per</span> 
     </span>
    </p>
   </div>
   <div class='ocr_carea' id='block_1_3' title="bbox 251 2006 1732 2065">
    <p class='ocr_par' dir='ltr' id='par_1_3' title="bbox 251 2006 1732 2065">
     <span class='ocr_line' id='line_1_28' title="bbox 251 2006 1732 2065; baseline 0 -14"><span class='ocrx_word' id='word_1_241' title='bbox 251 2011 486 2052; x_wconf 87' lang='lat' dir='ltr'>“milites”</span> <span class='ocrx_word' id='word_1_242' title='bbox 517 2011 580 2051; x_wconf 88' lang='lat' dir='ltr'>illi</span> <span class='ocrx_word' id='word_1_243' title='bbox 616 2012 689 2064; x_wconf 89' lang='lat' dir='ltr'>qui</span> <span class='ocrx_word' id='word_1_244' title='bbox 723 2011 969 2052; x_wconf 89' lang='lat' dir='ltr'>militarent</span> <span class='ocrx_word' id='word_1_245' title='bbox 1002 2025 1082 2065; x_wconf 90' lang='lat' dir='ltr'>pro</span> <span class='ocrx_word' id='word_1_246' title='bbox 1112 2012 1227 2051; x_wconf 89' lang='lat' dir='ltr'>veris</span> <span class='ocrx_word' id='word_1_247' title='bbox 1258 2017 1305 2051; x_wconf 89' lang='lat' dir='ltr'>et</span> <span class='ocrx_word' id='word_1_248' title='bbox 1336 2011 1466 2051; x_wconf 87' lang='lat' dir='ltr'>bonis</span> <span class='ocrx_word' id='word_1_249' title='bbox 1498 2006 1732 2052; x_wconf 89' lang='lat' dir='ltr'>ecclesiae.</span> 
     </span>
    </p>
   </div>
   <div class='ocr_carea' id='block_1_4' title="bbox 247 2065 1735 2217">
    <p class='ocr_par' dir='ltr' id='par_1_4' title="bbox 247 2065 1735 2217">
     <span class='ocr_line' id='line_1_29' title="bbox 248 2065 1735 2116; baseline 0.001 -12"><span class='ocrx_word' id='word_1_250' title='bbox 248 2077 361 2113; x_wconf 88' lang='lat' dir='ltr'>(Quod</span> <span class='ocrx_word' id='word_1_251' title='bbox 382 2073 398 2084; x_wconf 80' lang='lat'>‘¹</span> <span class='ocrx_word' id='word_1_252' title='bbox 410 2076 523 2104; x_wconf 86' lang='lat' dir='ltr'>milites</span> <span class='ocrx_word' id='word_1_253' title='bbox 535 2076 551 2085; x_wconf 90' lang='lat'>&#39;&#39;</span> <span class='ocrx_word' id='word_1_254' title='bbox 572 2076 749 2113; x_wconf 86' lang='lat' dir='ltr'>significent</span> <span class='ocrx_word' id='word_1_255' title='bbox 769 2077 848 2111; x_wconf 84' lang='lat' dir='ltr'>illos,</span> <span class='ocrx_word' id='word_1_256' title='bbox 867 2077 1012 2106; x_wconf 84' lang='lat' dir='ltr'>videatur</span> <span class='ocrx_word' id='word_1_257' title='bbox 1029 2085 1134 2114; x_wconf 82' lang='lat' dir='ltr'>supra,</span> <span class='ocrx_word' id='word_1_258' title='bbox 1154 2085 1185 2106; x_wconf 91' lang='lat' dir='ltr'>n.</span> <span class='ocrx_word' id='word_1_259' title='bbox 1200 2065 1258 2116; x_wconf 89' lang='lat'>64</span> <span class='ocrx_word' id='word_1_260' title='bbox 1276 2075 1348 2111; x_wconf 86' lang='lat' dir='ltr'>fin.;</span> <span class='ocrx_word' id='word_1_261' title='bbox 1369 2080 1401 2104; x_wconf 85' lang='lat' dir='ltr'>et</span> <span class='ocrx_word' id='word_1_262' title='bbox 1419 2077 1509 2112; x_wconf 89' lang='lat' dir='ltr'>quod</span> <span class='ocrx_word' id='word_1_263' title='bbox 1528 2072 1545 2084; x_wconf 83' lang='lat'>¹¹</span> <span class='ocrx_word' id='word_1_264' title='bbox 1557 2075 1686 2105; x_wconf 85' lang='lat' dir='ltr'>vestes&#39;&#39;</span> <span class='ocrx_word' id='word_1_265' title='bbox 1702 2077 1735 2104; x_wconf 88' lang='lat' dir='ltr'>in</span> 
     </span>
     <span class='ocr_line' id='line_1_30' title="bbox 247 2125 1735 2163; baseline -0.001 -7"><span class='ocrx_word' id='word_1_266' title='bbox 247 2127 354 2156; x_wconf 91' lang='lat' dir='ltr'>Verbo</span> <span class='ocrx_word' id='word_1_267' title='bbox 369 2126 546 2163; x_wconf 87' lang='lat' dir='ltr'>significent</span> <span class='ocrx_word' id='word_1_268' title='bbox 560 2135 633 2154; x_wconf 86' lang='lat' dir='ltr'>vera</span> <span class='ocrx_word' id='word_1_269' title='bbox 649 2126 811 2155; x_wconf 86' lang='lat' dir='ltr'>induentia</span> <span class='ocrx_word' id='word_1_270' title='bbox 825 2127 960 2160; x_wconf 80' lang='lat' dir='ltr'>bonum,</span> <span class='ocrx_word' id='word_1_271' title='bbox 977 2131 1007 2155; x_wconf 89' lang='lat' dir='ltr'>et</span> <span class='ocrx_word' id='word_1_272' title='bbox 1029 2127 1117 2163; x_wconf 93' lang='lat' dir='ltr'>quod</span> <span class='ocrx_word' id='word_1_273' title='bbox 1132 2129 1260 2155; x_wconf 81' lang='lat' dir='ltr'>“vestes</span> <span class='ocrx_word' id='word_1_274' title='bbox 1283 2126 1413 2155; x_wconf 89' lang='lat' dir='ltr'>Domini</span> <span class='ocrx_word' id='word_1_275' title='bbox 1423 2125 1439 2135; x_wconf 90' lang='lat'>&#39;¹</span> <span class='ocrx_word' id='word_1_276' title='bbox 1456 2126 1632 2163; x_wconf 85' lang='lat' dir='ltr'>significent</span> <span class='ocrx_word' id='word_1_277' title='bbox 1648 2126 1735 2155; x_wconf 87' lang='lat' dir='ltr'>Divi-</span> 
     </span>
     <span class='ocr_line' id='line_1_31' title="bbox 247 2164 1187 2217; baseline 0 -12"><span class='ocrx_word' id='word_1_278' title='bbox 247 2185 323 2205; x_wconf 89' lang='lat' dir='ltr'>num</span> <span class='ocrx_word' id='word_1_279' title='bbox 340 2176 470 2210; x_wconf 90' lang='lat' dir='ltr'>Verum,</span> <span class='ocrx_word' id='word_1_280' title='bbox 488 2175 531 2204; x_wconf 86' lang='lat' dir='ltr'>ita</span> <span class='ocrx_word' id='word_1_281' title='bbox 545 2176 697 2209; x_wconf 80' lang='lat' dir='ltr'>Verbum,</span> <span class='ocrx_word' id='word_1_282' title='bbox 714 2176 808 2204; x_wconf 83' lang='lat' dir='ltr'>etiam</span> <span class='ocrx_word' id='word_1_283' title='bbox 823 2185 928 2213; x_wconf 88' lang='lat' dir='ltr'>supra,</span> <span class='ocrx_word' id='word_1_284' title='bbox 947 2185 977 2205; x_wconf 92' lang='lat' dir='ltr'>n.</span> <span class='ocrx_word' id='word_1_285' title='bbox 995 2164 1061 2216; x_wconf 82' lang='lat'>64,</span> <span class='ocrx_word' id='word_1_286' title='bbox 1084 2174 1187 2217; x_wconf 82' lang='grc'>195.)</span> 
     </span>
    </p>
   </div>
   <div class='ocr_carea' id='block_1_5' title="bbox 243 2233 1733 2974">
    <p class='ocr_par' dir='ltr' id='par_1_5' title="bbox 243 2233 1733 2974">
     <span class='ocr_line' id='line_1_32' title="bbox 330 2233 1733 2287; baseline -0.001 -11"><span class='ocrx_word' id='word_1_287' title='bbox 330 2233 419 2287; x_wconf 83' lang='lat' dir='ltr'><strong>[d.]</strong></span> <span class='ocrx_word' id='word_1_288' title='bbox 463 2233 598 2286; x_wconf 82' lang='lat' dir='ltr'>Quod</span> <span class='ocrx_word' id='word_1_289' title='bbox 623 2233 845 2274; x_wconf 86' lang='lat' dir='ltr'>“oleum‘’</span> <span class='ocrx_word' id='word_1_290' title='bbox 867 2233 1093 2287; x_wconf 86' lang='lat' dir='ltr'>significet</span> <span class='ocrx_word' id='word_1_291' title='bbox 1115 2233 1284 2274; x_wconf 91' lang='lat' dir='ltr'>bonum</span> <span class='ocrx_word' id='word_1_292' title='bbox 1310 2234 1490 2282; x_wconf 80' lang='lat' dir='ltr'>amoris,</span> <span class='ocrx_word' id='word_1_293' title='bbox 1514 2234 1733 2287; x_wconf 89' lang='lat' dir='ltr'>imprimis</span> 
     </span>
     <span class='ocr_line' id='line_1_33' title="bbox 247 2293 1732 2348; baseline 0 -13"><span class='ocrx_word' id='word_1_294' title='bbox 247 2301 458 2335; x_wconf 88' lang='lat' dir='ltr'>constare</span> <span class='ocrx_word' id='word_1_295' title='bbox 485 2301 638 2348; x_wconf 88' lang='lat' dir='ltr'>potest</span> <span class='ocrx_word' id='word_1_296' title='bbox 670 2309 728 2335; x_wconf 86' lang='lat' dir='ltr'>ex</span> <span class='ocrx_word' id='word_1_297' title='bbox 755 2293 1038 2336; x_wconf 63' lang='lat' dir='ltr'>uncstionibus</span> <span class='ocrx_word' id='word_1_298' title='bbox 1065 2294 1182 2348; x_wconf 87' lang='lat' dir='ltr'>apud</span> <span class='ocrx_word' id='word_1_299' title='bbox 1213 2293 1326 2334; x_wconf 89' lang='lat' dir='ltr'>filios</span> <span class='ocrx_word' id='word_1_300' title='bbox 1358 2294 1550 2343; x_wconf 89' lang='lat' dir='ltr'>Israelis,</span> <span class='ocrx_word' id='word_1_301' title='bbox 1579 2309 1657 2335; x_wconf 88' lang='lat' dir='ltr'>seu</span> <span class='ocrx_word' id='word_1_302' title='bbox 1688 2295 1732 2335; x_wconf 91' lang='lat' dir='ltr'>in</span> 
     </span>
     <span class='ocr_line' id='line_1_34' title="bbox 247 2357 1733 2412; baseline -0.001 -13"><span class='ocrx_word' id='word_1_303' title='bbox 247 2358 440 2399; x_wconf 87' lang='lat' dir='ltr'>ecclesia</span> <span class='ocrx_word' id='word_1_304' title='bbox 470 2370 639 2405; x_wconf 84' lang='lat' dir='ltr'>eorum,</span> <span class='ocrx_word' id='word_1_305' title='bbox 668 2372 780 2411; x_wconf 90' lang='lat' dir='ltr'>quae</span> <span class='ocrx_word' id='word_1_306' title='bbox 812 2357 982 2399; x_wconf 89' lang='lat' dir='ltr'>fiebant</span> <span class='ocrx_word' id='word_1_307' title='bbox 1014 2372 1091 2412; x_wconf 92' lang='lat' dir='ltr'>per</span> <span class='ocrx_word' id='word_1_308' title='bbox 1122 2357 1297 2407; x_wconf 86' lang='lat' dir='ltr'>oleum;</span> <span class='ocrx_word' id='word_1_309' title='bbox 1330 2357 1480 2397; x_wconf 92' lang='lat' dir='ltr'>omnia</span> <span class='ocrx_word' id='word_1_310' title='bbox 1506 2357 1625 2397; x_wconf 91' lang='lat' dir='ltr'>enim</span> <span class='ocrx_word' id='word_1_311' title='bbox 1657 2371 1733 2398; x_wconf 92' lang='lat' dir='ltr'>ec-</span> 
     </span>
     <span class='ocr_line' id='line_1_35' title="bbox 246 2419 1733 2473; baseline -0.001 -12"><span class='ocrx_word' id='word_1_312' title='bbox 246 2420 410 2461; x_wconf 88' lang='lat' dir='ltr'>clesiae</span> <span class='ocrx_word' id='word_1_313' title='bbox 432 2433 510 2473; x_wconf 91' lang='lat' dir='ltr'>per</span> <span class='ocrx_word' id='word_1_314' title='bbox 527 2419 635 2460; x_wconf 91' lang='lat' dir='ltr'>illud</span> <span class='ocrx_word' id='word_1_315' title='bbox 658 2421 1053 2473; x_wconf 87' lang='lat' dir='ltr'>inaugurabantur,</span> <span class='ocrx_word' id='word_1_316' title='bbox 1074 2426 1120 2461; x_wconf 87' lang='lat' dir='ltr'>et</span> <span class='ocrx_word' id='word_1_317' title='bbox 1144 2433 1243 2460; x_wconf 90' lang='lat' dir='ltr'>cum</span> <span class='ocrx_word' id='word_1_318' title='bbox 1267 2420 1535 2472; x_wconf 87' lang='lat' dir='ltr'>inaugurata</span> <span class='ocrx_word' id='word_1_319' title='bbox 1556 2419 1733 2460; x_wconf 90' lang='lat' dir='ltr'>fuerunt</span> 
     </span>
     <span class='ocr_line' id='line_1_36' title="bbox 246 2481 1731 2536; baseline -0.001 -12"><span class='ocrx_word' id='word_1_320' title='bbox 246 2483 526 2524; x_wconf 88' lang='lat' dir='ltr'>vocabantur</span> <span class='ocrx_word' id='word_1_321' title='bbox 557 2481 738 2533; x_wconf 68' lang='lat' dir='ltr'>san&amp;a;</span> <span class='ocrx_word' id='word_1_322' title='bbox 777 2490 909 2536; x_wconf 89' lang='lat' dir='ltr'>prout</span> <span class='ocrx_word' id='word_1_323' title='bbox 942 2483 1086 2524; x_wconf 89' lang='lat' dir='ltr'>altare</span> <span class='ocrx_word' id='word_1_324' title='bbox 1123 2481 1298 2535; x_wconf 83' lang='lat' dir='ltr'>etejus</span> <span class='ocrx_word' id='word_1_325' title='bbox 1329 2495 1450 2530; x_wconf 85' lang='lat' dir='ltr'>vasa,</span> <span class='ocrx_word' id='word_1_326' title='bbox 1485 2483 1731 2522; x_wconf 91' lang='lat' dir='ltr'>tentorium</span> 
     </span>
     <span class='ocr_line' id='line_1_37' title="bbox 247 2544 1732 2599; baseline -0.002 -12"><span class='ocrx_word' id='word_1_327' title='bbox 247 2552 498 2587; x_wconf 85' lang='lat' dir='ltr'>conventus</span> <span class='ocrx_word' id='word_1_328' title='bbox 524 2552 569 2586; x_wconf 91' lang='lat' dir='ltr'>et</span> <span class='ocrx_word' id='word_1_329' title='bbox 593 2546 743 2585; x_wconf 88' lang='lat' dir='ltr'>omnia</span> <span class='ocrx_word' id='word_1_330' title='bbox 769 2560 882 2599; x_wconf 92' lang='lat' dir='ltr'>quae</span> <span class='ocrx_word' id='word_1_331' title='bbox 904 2546 1024 2594; x_wconf 89' lang='lat' dir='ltr'>inibi,</span> <span class='ocrx_word' id='word_1_332' title='bbox 1050 2552 1146 2586; x_wconf 91' lang='lat' dir='ltr'>tum</span> <span class='ocrx_word' id='word_1_333' title='bbox 1172 2545 1234 2586; x_wconf 90' lang='lat' dir='ltr'>illi</span> <span class='ocrx_word' id='word_1_334' title='bbox 1260 2545 1333 2599; x_wconf 90' lang='lat' dir='ltr'>qui</span> <span class='ocrx_word' id='word_1_335' title='bbox 1355 2545 1612 2585; x_wconf 90' lang='lat' dir='ltr'>sacerdotio</span> <span class='ocrx_word' id='word_1_336' title='bbox 1633 2544 1732 2585; x_wconf 89' lang='lat' dir='ltr'>fun-</span> 
     </span>
     <span class='ocr_line' id='line_1_38' title="bbox 245 2607 1731 2663; baseline -0.002 -13"><span class='ocrx_word' id='word_1_337' title='bbox 245 2615 459 2662; x_wconf 83' lang='lat' dir='ltr'>gerentur</span> <span class='ocrx_word' id='word_1_338' title='bbox 480 2622 530 2649; x_wconf 90' lang='lat' dir='ltr'>ac</span> <span class='ocrx_word' id='word_1_339' title='bbox 555 2621 709 2648; x_wconf 90' lang='lat' dir='ltr'>eorum</span> <span class='ocrx_word' id='word_1_340' title='bbox 732 2615 898 2658; x_wconf 89' lang='lat' dir='ltr'>vestes,</span> <span class='ocrx_word' id='word_1_341' title='bbox 919 2615 964 2650; x_wconf 93' lang='lat' dir='ltr'>et</span> <span class='ocrx_word' id='word_1_342' title='bbox 986 2610 1166 2663; x_wconf 91' lang='lat' dir='ltr'>insuper</span> <span class='ocrx_word' id='word_1_343' title='bbox 1188 2607 1450 2661; x_wconf 88' lang='lat' dir='ltr'>prophetae,</span> <span class='ocrx_word' id='word_1_344' title='bbox 1475 2614 1521 2648; x_wconf 93' lang='lat' dir='ltr'>et</span> <span class='ocrx_word' id='word_1_345' title='bbox 1545 2607 1731 2648; x_wconf 90' lang='lat' dir='ltr'>tandem</span> 
     </span>
     <span class='ocr_line' id='line_1_39' title="bbox 245 2669 1731 2725; baseline 0 -15"><span class='ocrx_word' id='word_1_346' title='bbox 245 2684 387 2723; x_wconf 86' lang='lat' dir='ltr'>reges.</span> <span class='ocrx_word' id='word_1_347' title='bbox 463 2669 661 2724; x_wconf 79' lang='lat' dir='ltr'>Quisque</span> <span class='ocrx_word' id='word_1_348' title='bbox 708 2677 862 2724; x_wconf 89' lang='lat' dir='ltr'>potest</span> <span class='ocrx_word' id='word_1_349' title='bbox 898 2672 1049 2713; x_wconf 87' lang='lat' dir='ltr'>videre</span> <span class='ocrx_word' id='word_1_350' title='bbox 1097 2671 1216 2725; x_wconf 91' lang='lat' dir='ltr'>quod</span> <span class='ocrx_word' id='word_1_351' title='bbox 1261 2671 1405 2724; x_wconf 89' lang='lat' dir='ltr'>ipsum</span> <span class='ocrx_word' id='word_1_352' title='bbox 1445 2670 1594 2711; x_wconf 91' lang='lat' dir='ltr'>oleum</span> <span class='ocrx_word' id='word_1_353' title='bbox 1641 2683 1731 2710; x_wconf 93' lang='lat' dir='ltr'>non</span> 
     </span>
     <span class='ocr_line' id='line_1_40' title="bbox 245 2730 1731 2787; baseline 0 -15"><span class='ocrx_word' id='word_1_354' title='bbox 245 2730 509 2781; x_wconf 61' lang='lat' dir='ltr'>sanetificet,</span> <span class='ocrx_word' id='word_1_355' title='bbox 530 2733 609 2773; x_wconf 87' lang='lat' dir='ltr'>sed</span> <span class='ocrx_word' id='word_1_356' title='bbox 632 2734 752 2786; x_wconf 91' lang='lat' dir='ltr'>quod</span> <span class='ocrx_word' id='word_1_357' title='bbox 770 2734 813 2773; x_wconf 92' lang='lat' dir='ltr'>id</span> <span class='ocrx_word' id='word_1_358' title='bbox 831 2734 950 2787; x_wconf 91' lang='lat' dir='ltr'>quod</span> <span class='ocrx_word' id='word_1_359' title='bbox 969 2733 1244 2787; x_wconf 83' lang='lat' dir='ltr'>significatur</span> <span class='ocrx_word' id='word_1_360' title='bbox 1260 2747 1338 2786; x_wconf 91' lang='lat' dir='ltr'>per</span> <span class='ocrx_word' id='word_1_361' title='bbox 1358 2736 1383 2752; x_wconf 89' lang='lat'>“</span> <span class='ocrx_word' id='word_1_362' title='bbox 1403 2731 1591 2781; x_wconf 88' lang='lat' dir='ltr'>oleum‚”</span> <span class='ocrx_word' id='word_1_363' title='bbox 1609 2733 1731 2786; x_wconf 92' lang='lat' dir='ltr'>quod</span> 
     </span>
     <span class='ocr_line' id='line_1_41' title="bbox 245 2794 1731 2848; baseline 0.001 -13"><span class='ocrx_word' id='word_1_364' title='bbox 245 2801 313 2836; x_wconf 89' lang='lat' dir='ltr'>est</span> <span class='ocrx_word' id='word_1_365' title='bbox 336 2795 503 2836; x_wconf 90' lang='lat' dir='ltr'>bonum</span> <span class='ocrx_word' id='word_1_366' title='bbox 525 2797 688 2836; x_wconf 88' lang='lat' dir='ltr'>amoris</span> <span class='ocrx_word' id='word_1_367' title='bbox 712 2796 754 2835; x_wconf 91' lang='lat' dir='ltr'>in</span> <span class='ocrx_word' id='word_1_368' title='bbox 779 2796 1023 2836; x_wconf 91' lang='lat' dir='ltr'>Dominum</span> <span class='ocrx_word' id='word_1_369' title='bbox 1046 2810 1072 2836; x_wconf 89' lang='lat' dir='ltr'>a</span> <span class='ocrx_word' id='word_1_370' title='bbox 1094 2796 1315 2846; x_wconf 86' lang='lat' dir='ltr'>Domino;</span> <span class='ocrx_word' id='word_1_371' title='bbox 1342 2795 1427 2836; x_wconf 92' lang='lat' dir='ltr'>hoc</span> <span class='ocrx_word' id='word_1_372' title='bbox 1453 2794 1731 2848; x_wconf 86' lang='lat' dir='ltr'>significatur</span> 
     </span>
     <span class='ocr_line' id='line_1_42' title="bbox 243 2856 1729 2912; baseline 0 -14"><span class='ocrx_word' id='word_1_373' title='bbox 243 2871 322 2910; x_wconf 94' lang='lat' dir='ltr'>per</span> <span class='ocrx_word' id='word_1_374' title='bbox 349 2857 535 2898; x_wconf 88' lang='lat' dir='ltr'>“oleum</span> <span class='ocrx_word' id='word_1_375' title='bbox 552 2857 585 2908; x_wconf 89' lang='lat'>;”</span> <span class='ocrx_word' id='word_1_376' title='bbox 617 2865 889 2912; x_wconf 89' lang='lat' dir='ltr'>quapropter</span> <span class='ocrx_word' id='word_1_377' title='bbox 915 2872 1015 2899; x_wconf 92' lang='lat' dir='ltr'>cum</span> <span class='ocrx_word' id='word_1_378' title='bbox 1042 2857 1176 2899; x_wconf 63' lang='lat' dir='ltr'>uneta</span> <span class='ocrx_word' id='word_1_379' title='bbox 1200 2864 1277 2899; x_wconf 87' lang='lat' dir='ltr'>aut</span> <span class='ocrx_word' id='word_1_380' title='bbox 1304 2856 1423 2898; x_wconf 73' lang='grc' dir='ltr'><strong>υῐιξὶὶ</strong></span> <span class='ocrx_word' id='word_1_381' title='bbox 1448 2857 1643 2906; x_wconf 87' lang='lat' dir='ltr'>fuerunt,</span> <span class='ocrx_word' id='word_1_382' title='bbox 1671 2858 1729 2898; x_wconf 87' lang='lat' dir='ltr'>ab</span> 
     </span>
     <span class='ocr_line' id='line_1_43' title="bbox 243 2920 1726 2974; baseline 0 -14"><span class='ocrx_word' id='word_1_383' title='bbox 243 2933 297 2960; x_wconf 92' lang='lat' dir='ltr'>eo</span> <span class='ocrx_word' id='word_1_384' title='bbox 330 2926 563 2961; x_wconf 89' lang='lat' dir='ltr'>momento</span> <span class='ocrx_word' id='word_1_385' title='bbox 594 2921 1022 2974; x_wconf 88' lang='lat' dir='ltr'>repraesentabant;</span> <span class='ocrx_word' id='word_1_386' title='bbox 1064 2934 1168 2962; x_wconf 85' lang='lat' dir='ltr'>narn</span> <span class='ocrx_word' id='word_1_387' title='bbox 1200 2920 1348 2962; x_wconf 91' lang='lat' dir='ltr'>oleum</span> <span class='ocrx_word' id='word_1_388' title='bbox 1380 2920 1622 2961; x_wconf 90' lang='lat' dir='ltr'>inducebat</span> <span class='ocrx_word' id='word_1_389' title='bbox 1655 2933 1726 2961; x_wconf 90' lang='lat' dir='ltr'>re-</span> 
     </span>
    </p>
   </div>
  </div>
 </body>
</html>
