2008 3360
192 350 282 393 930
611 348 942 381 APOCALYPSIS
974 347 1273 379 EXPLICATA.

196 461 297 503 illas
315 475 324 513 ;
357 461 436 503 sed
459 476 598 516 usque
620 462 663 503 in
679 462 857 504 interno
875 474 1008 502 sensu
1025 459 1165 502 Verbi
1187 458 1502 502 describuntur
1518 458 1682 516 ample.

197 525 332 559 (Verum
348 525 388 553 de
402 524 628 554 tentationibus
650 524 779 553 Domini
794 524 962 552 videantur
982 531 1064 561 quae
1078 522 1111 551 in
1126 523 1286 553 Doarina
1301 523 1411 552 Novae
1437 522 1686 560 Hierosolymae,

196 578 227 599 n.
241 578 309 604 201,
326 578 394 607 293,
410 578 479 607 302,
495 570 589 598 allata
604 569 701 607 sunt.)

275 617 500 672 406[a].
523 617 759 659 Ha6⁷cenus
772 623 1007 657 ostensum
1021 621 1092 657 est
1105 615 1211 669 quid
1223 615 1451 669 significat
1469 618 1632 656 “mons
1649 614 1686 666 ;”

197 678 400 731 sequitur
425 683 473 718 ut
499 678 771 718 ostendatur
795 676 901 729 quid
924 675 1152 728 significat
1180 674 1408 725 “insula,'’
1433 688 1540 716 nam
1563 675 1684 716 dici-

198 746 285 787 tur,
321 737 520 780 “Omnis
552 752 682 779 mons
713 743 760 778 et
792 736 938 779 insula
969 751 993 778 e
1025 736 1137 778 locis
1172 736 1262 776 suis
1284 741 1438 776 emota
1459 733 1683 786 sunt;”e‚t

197 800 320 850 alibi,

284 883 452 916 '⁴‘Omnis
469 883 588 915 insula
603 882 704 924 fugit,
725 888 761 914 et
778 888 920 914 montes
937 892 1010 914 non
1028 881 1166 914 inventi
1183 887 1267 914 sunt
1275 880 1295 894 ''
1310 880 1425 924 (Apoc.
1439 881 1512 914 xvi.
1528 880 1598 923 20).

198 973 281 1014 Per
309 976 334 993 “
351 972 550 1014 insulas''
577 974 620 1013 in
647 972 802 1013 Verbo
829 985 919 1014 non
950 971 1268 1025 intelliguntur
1292 970 1478 1019 insulae,
1506 984 1588 1012 nec
1621 969 1685 1011 illi

198 1036 272 1089 qui
298 1035 508 1076 habitant
535 1049 666 1088 super
692 1034 861 1083 insulis,
890 1034 969 1075 sed
1000 1034 1272 1088 intelligitur
1298 1033 1514 1075 naturalis
1545 1033 1685 1074 homo

198 1099 345 1152 quoad
363 1113 469 1139 vera
491 1112 603 1151 quae
621 1099 665 1138 in
687 1097 779 1146 illo,
804 1103 849 1138 et
868 1097 973 1138 inde
995 1095 1227 1138 abstracte
1247 1096 1556 1153 significantur
1577 1109 1684 1137 vera

199 1160 416 1201 naturalis
439 1160 645 1201 hominis.
697 1159 818 1200 Vera
837 1158 1054 1199 naturalis
1070 1158 1262 1199 hominis
1285 1165 1389 1199 sunt
1411 1172 1518 1199 vera
1539 1158 1685 1199 scien-

199 1221 334 1271 tifica,
362 1236 476 1276 quae
502 1222 584 1262 sub
609 1222 851 1262 intuitione
877 1220 1111 1261 rationalis
1137 1220 1329 1261 hominis
1355 1226 1475 1268 sunt,
1502 1226 1549 1261 et
1580 1225 1686 1261 sunt

199 1285 485 1337 cognitiones
522 1284 627 1332 veri,
662 1297 775 1337 quae
812 1283 894 1323 sub
931 1283 1171 1323 intuitione
1208 1282 1451 1336 spiritualis
1489 1282 1685 1327 hominis

196 1353 331 1397 -sunt;
364 1347 649 1399 cognitiones
680 1346 772 1386 veri
803 1351 908 1389 sunt
940 1358 1054 1399 quae
1086 1346 1170 1389 scit
1207 1344 1425 1386 naturalis
1457 1344 1595 1385 homo
1626 1357 1686 1385 ex

200 1408 368 1456 Verbo,
398 1415 443 1449 et
470 1422 575 1449 vera
602 1406 848 1448 scientifica
874 1413 979 1448 sunt
1011 1421 1124 1461 quae
1149 1407 1273 1448 videt
1300 1406 1517 1447 naturalis
1548 1406 1687 1446 homo
1719 1440 1724 1445 .

200 1485 259 1512 ex
285 1471 509 1519 rationali,
538 1485 616 1524 per
647 1484 761 1524 quae
793 1471 931 1511 etiam
964 1469 1081 1511 solet
1113 1468 1377 1510 confirmare
1403 1482 1508 1510 vera
1539 1467 1686 1509 eccle-

201 1534 305 1574 siae.
387 1532 499 1574 Sunt
537 1533 655 1586 apud
688 1532 918 1573 hominem
955 1532 1087 1572 binae
1118 1538 1325 1582 mentes3
1368 1544 1456 1572 una
1486 1531 1688 1584 superior

202 1609 280 1636 seu
306 1596 504 1643 interior,
533 1609 646 1648 quae
674 1607 800 1635 mens
827 1593 1070 1648 spiritualis
1095 1600 1298 1642 vocatur,
1327 1599 1373 1634 et
1405 1592 1550 1634 altera
1574 1592 1687 1633 infe-

202 1659 290 1698 rior
326 1671 404 1698 seu
444 1659 657 1706 exterior,
699 1671 812 1711 quae
850 1669 978 1697 mens
1019 1655 1236 1697 naturalis
1273 1662 1474 1696 vocatur.
1555 1654 1687 1695 Mens

202 1720 419 1760 naturalis
446 1721 635 1773 primum
658 1720 776 1772 apud
802 1719 1008 1759 homines
1034 1719 1231 1772 aperitur
1253 1724 1298 1758 et
1322 1717 1561 1766 excolitur,
1585 1717 1688 1770 quia

202 1782 313 1823 haec
333 1783 538 1835 proxime
556 1788 712 1822 exstat
732 1781 927 1832 mundo;
952 1793 1082 1822 mens
1099 1786 1251 1821 autem
1267 1779 1510 1833 spiritualis
1528 1785 1689 1833 postea

202 1845 399 1898 aperitur
439 1851 485 1885 et
531 1844 771 1892 excolitur,
817 1843 897 1884 sed
946 1849 1165 1897 quantum
1209 1842 1348 1883 homo
1391 1843 1487 1884 vita
1529 1841 1688 1895 recipit

202 1907 487 1959 cognitiones
513 1908 604 1947 veri
630 1920 744 1960 quae
770 1920 829 1947 ex
857 1905 1012 1947 Verbo
1037 1919 1115 1947 seu
1140 1918 1200 1947 ex
1226 1902 1431 1954 doctrina
1457 1918 1481 1946 e
1504 1903 1688 1954 Verbo;

203 1982 338 2022 quare
361 1981 451 2008 non
473 1970 670 2021 aperitur
692 1968 809 2021 apud
836 1967 938 2008 illos
961 1968 1034 2021 qui
1059 1980 1150 2007 non
1168 1966 1405 2020 >applicant
1428 1965 1530 2008 illas
1551 1966 1687 2007 vitae.

204 2031 265 2071 Et
293 2043 393 2071 cum
420 2032 616 2084 aperitur
639 2044 765 2071 mens
789 2029 1046 2084 spiritualis,
1070 2036 1178 2070 tunc
1203 2029 1345 2069 influit
1366 2028 1445 2069 lux
1473 2027 1585 2069 caeli
1611 2041 1690 2081 per

201 2093 326 2134 illam
353 2100 554 2134 mentem
586 2094 629 2134 in
656 2092 909 2134 naturalem
935 2099 982 2133 et
1008 2091 1204 2134 illustrat
1231 2104 1344 2139 eam,
1373 2105 1431 2131 ex
1459 2104 1547 2144 quo
1578 2090 1689 2131 haec

204 2169 331 2197 mens
357 2154 406 2196 fit
433 2155 674 2208 spiritualis
701 2154 947 2205 naturalis;
980 2167 1084 2195 narn
1117 2160 1224 2194 tunc
1250 2153 1375 2194 videt
1408 2166 1535 2194 mens
1561 2152 1690 2206 spi-ri-

204 2217 338 2258 tualis
356 2218 400 2258 in
423 2218 615 2258 naturali
638 2231 780 2271 paene
798 2218 913 2258 sicut
935 2217 1073 2257 homo
1094 2216 1252 2257 faciem
1274 2229 1399 2256 suam
1422 2216 1466 2255 in
1489 2213 1687 2268 speculo,

201 2287 250 2322 et
276 2281 485 2333 agnoscit
511 2280 588 2320 illa
614 2294 727 2333 quae
753 2279 1034 2320 concordant
1061 2291 1225 2319 secum.
1287 2277 1354 2318 At
1382 2290 1482 2318 cum
1509 2277 1690 2330 spiritu-

204 2342 287 2385 alis
319 2356 447 2383 mens
480 2355 570 2383 non
603 2349 761 2395 aperta
792 2348 877 2394 est,
910 2347 959 2382 ut
988 2340 1040 2382 ,fit
1071 2340 1190 2394 apud
1221 2339 1322 2381 illos
1349 2340 1421 2393 qui
1453 2353 1543 2380 non
1569 2340 1690 2380 vitae

204 2418 310 2445 suae
346 2404 577 2458 applicant
616 2405 903 2457 cognitiones
936 2403 1028 2443 veri
1065 2409 1111 2443 et
1149 2402 1255 2443 boni
1293 2415 1406 2454 quae
1442 2402 1486 2441 in
1519 2401 1688 2450 Verbo,

204 2473 311 2508 tunc
338 2466 554 2507 formatur
579 2481 717 2520 usque
743 2479 870 2506 mens
896 2465 1014 2519 apud
1040 2464 1165 2505 illum
1191 2465 1377 2505 interius
1402 2464 1447 2503 in
1480 2462 1689 2511 naturali,

204 2529 283 2570 sed
310 2529 421 2570 haec
448 2542 575 2569 mens
602 2529 809 2569 consistit
836 2542 896 2569 ex
923 2528 1055 2568 meris
1081 2526 1202 2568 falsis
1228 2532 1274 2567 et
1301 2525 1445 2575 malis,
1471 2540 1530 2566 ex
1557 2538 1692 2566 causa

204 2592 307 2645 quia
338 2604 466 2632 mens
498 2590 742 2661 spiritualis
773 2603 864 2631 non
897 2596 1056 2643 aperta
1087 2595 1171 2637 est,
1198 2602 1277 2642 per
1302 2601 1436 2641 quam
1468 2587 1547 2628 lux
1579 2586 1692 2628 caeli

203 2654 464 2695 immittitur
499 2654 543 2693 in
581 2652 786 2693 naturale
823 2666 901 2706 per
936 2652 1055 2692 viam
1091 2649 1275 2699 rectam,
1314 2649 1393 2690 sed
1431 2649 1576 2690 solum
1614 2662 1693 2702 per

204 2717 339 2757 rimas
361 2715 676 2765 circumcirca;
709 2715 827 2755 unde
850 2715 889 2755 ei
911 2714 1103 2755 facultas
1125 2712 1371 2767 cogitandi,
1391 2711 1692 2752 ratiocinandi

204 2784 250 2819 et
273 2778 498 2832 loquendi,
524 2783 570 2817 et
593 2791 769 2830 quoque
792 2776 985 2817 facultas
1007 2775 1290 2828 intelligendi
1308 2787 1427 2822 vera,
1447 2773 1527 2814 sed
1551 2786 1690 2826 usque

204 2854 295 2881 non
326 2839 518 2880 facultas
550 2839 731 2879 amandi
767 2838 858 2888 illa,
891 2852 969 2879 seu
1000 2852 1059 2878 ex
1092 2835 1326 2878 affectione
1357 2835 1546 2876 faciendi
1581 2834 1689 2885 illa3

204 2916 309 2943 nam
335 2902 526 2943 facultas
552 2901 733 2941 amandi
758 2915 864 2942 vera
890 2901 991 2954 quia
1017 2914 1122 2941 vera
1147 2905 1253 2940 sunt
1279 2899 1411 2939 datur
1435 2897 1582 2938 solum
1610 2910 1689 2950 per

203 2965 420 3006 influxum
457 2963 567 3004 lucis
603 2963 716 3003 caeli
752 2977 831 3016 per
866 2962 1143 3018 spiritualem
1175 2967 1404 3002 mentem:
1453 2959 1532 3010 lux
1569 2959 1689 3000 enim
