2008 3432
244 357 333 399 666
663 362 996 406 APOCALYPSIS
1025 362 1328 396 EXPLJCA‘DA.

248 476 369 530 quod
386 476 565 517 dica-tur
582 475 638 516 de
652 489 775 516 vero.
816 481 1472 524 (Quod“equusfsignificetimeuedtuale
1480 489 1628 520 constare.
1635 489 1740 523 potsse

247 544 286 570 ex
296 535 356 567 illis
363 544 445 572 quae
454 535 549 564 allata
558 539 589 564 et
599 539 725 565 ostensa
733 539 807 563 sunt
816 534 849 563 in
858 543 878 563 o
903 533 1014 563 usculo
1026 533 1077 562 De
1086 533 1180 570 Equo
1189 531 1271 563 Albo
1279 542 1292 565 ,·
1315 536 1344 561 et
1356 532 1446 570 quod
1455 532 1606 563 ‘'album''
1617 533 1741 566 dicatur

247 586 288 623 de
301 571 387 620 vero,
400 585 544 613 videatur
558 593 663 622 supra,
679 593 710 614 n.
731 572 835 625 196.)
879 543 1062 612 Eicitur
1083 571 1205 625 quod
1230 574 1255 591 ‘⁶
1268 584 1410 624 equus
1431 570 1562 613 albus
1573 571 1594 587 '⁹
1614 572 1738 614 Visus

249 636 307 684 sit
325 635 505 689 quando
523 635 687 689 Agnus
709 635 882 688 aperuit
905 634 1093 687 primum
1117 631 1326 686 sigillum,
1346 639 1392 674 et
1418 633 1537 687 quod
1561 636 1738 688 “equus

247 698 396 740 rufus''
440 711 540 739 cum
585 697 846 747 secundum,
888 699 1064 750 “equus
1110 695 1238 750 niger
1250 694 1269 711 ”
1314 709 1413 736 cum
1455 697 1652 747 tertium,
1692 703 1738 738 et

249 763 425 815 uequus
465 760 655 815 pallidus
667 760 686 776 ”
721 773 822 801 cum
868 766 1104 813 quartum;
1153 764 1199 799 et
1239 759 1342 812 quia
1386 771 1464 812 per
1505 759 1739 814 “equum”

247 823 522 878 significatur
561 821 884 872 intellectuale,
922 822 966 863 in
1003 821 1152 875 specie
1189 821 1337 876 quoad
1379 821 1596 874 Verbum,
1634 822 1738 863 inde

246 892 455 934 constare
494 893 647 940 potest
684 885 804 940 quod
841 882 1100 925 intellectus
1131 884 1223 925 veri
1259 897 1318 925 ex
1355 883 1525 934 Verbo,
1559 892 1604 926 et
1645 885 1738 939 ejus

246 948 378 1003 quale
399 948 516 1002 apud
539 949 743 990 homines
766 947 998 996 ecclesiae,
1023 960 1102 1002 per
1120 950 1298 1001 “equos
1310 946 1329 962 ’⁹
1351 947 1420 988 hic
1445 948 1737 991 describatur.

236 1004 348 1052 ¹‘Sive
373 1011 496 1052 dicas
521 1010 641 1066 quod
666 1011 710 1051 id
732 1010 1026 1059 describatur,
1050 1023 1128 1050 seu
1150 1009 1213 1050 illi
1235 1010 1308 1064 qui
1333 1010 1377 1050 in
1395 1024 1450 1051 eo
1472 1017 1590 1060 sunt,
1618 1011 1737 1052 idem

245 1080 344 1125 est3
377 1087 479 1115 nam
506 1075 724 1122 homines,
748 1074 928 1127 spiritus
955 1079 1001 1113 et
1027 1072 1179 1126 angeli
1205 1071 1405 1125 subje&a
1429 1080 1546 1122 sunt,
1570 1073 1613 1114 in
1641 1074 1737 1128 qui-

245 1137 327 1177 bus
352 1137 408 1178 id.
471 1137 582 1178 Inde
604 1137 703 1177 sciri
726 1142 877 1189 potest
900 1135 1004 1189 quid
1031 1135 1075 1176 in
1097 1135 1182 1176 hoc
1205 1136 1366 1189 capite,
1390 1142 1436 1176 et
1462 1136 1505 1176 in
1532 1137 1737 1190 proxime

245 1200 549 1255 sequentibuS,
588 1200 631 1240 in
677 1212 810 1239 sensu
855 1199 1035 1239 interno
1079 1212 1157 1239 seu
1197 1198 1415 1253 spirituali
1456 1199 1735 1246 describitur,

245 1262 366 1316 quod
385 1275 546 1315 nempe
565 1261 765 1302 Verbum
784 1261 931 1315 quoad
950 1259 1244 1302 intellectum.
1293 1261 1394 1302 Hoc
1414 1275 1591 1316 quoque
1609 1269 1737 1317 patet

246 1339 305 1367 ex
331 1339 461 1366 versu
495 1338 615 1366 nono
647 1325 773 1378 hujus
805 1325 978 1378 capitis,
1007 1324 1092 1373 ubi,
1120 1331 1358 1379 postquam
1385 1325 1464 1366 visi
1497 1332 1601 1366 sunt
1627 1339 1736 1379 qua·

245 1395 346 1430 tuor
381 1387 443 1429 illi
479 1389 592 1441 equi,
626 1394 671 1429 et
709 1395 815 1428 tunc
850 1395 1055 1441 apertum
1092 1387 1287 1441 sigillum
1324 1388 1543 1442 quintum,
1577 1388 1738 1439 dicitur

245 1451 364 1506 quod
393 1451 591 1492 “viderit
618 1451 788 1491 animas
816 1451 1065 1492 occisorum
1092 1457 1276 1505 propter
1298 1450 1500 1491 Verbum
1527 1450 1612 1492 Dei
1629 1450 1664 1492 :”
1690 1457 1736 1492 et

245 1528 421 1568 quoque
447 1528 505 1555 ex
533 1515 681 1568 capite
708 1515 804 1554 xix.
832 1513 960 1567 hujus
987 1513 1122 1563 Libri,
1149 1513 1223 1554 ubi
1249 1513 1411 1555 dicitur
1436 1514 1557 1568 quod

312 1613 453 1645 Nomen
470 1612 556 1654 Ejus
574 1613 631 1654 qui
649 1613 740 1645 sedit
757 1623 863 1654 super
873 1623 966 1655 equo
978 1613 1062 1646 albo
1074 1619 1220 1647 vocetur
1235 1614 1258 1628 “
1268 1612 1425 1646 Verbum
1441 1612 1508 1645 Dei
1518 1612 1537 1626 ¹'
1550 1612 1656 1654 (vers.
1670 1612 1734 1654 13).

246 1716 378 1770 Quod
401 1715 705 1758 intellectuale
726 1731 802 1770 per
822 1720 1022 1771 “equum
1034 1716 1054 1732 ”
1076 1715 1366 1771 significetur,
1390 1722 1436 1758 et
1459 1716 1578 1770 quod
1600 1715 1735 1770 intel-

245 1779 386 1822 lectus
412 1781 503 1821 veri
529 1794 588 1821 ex
615 1780 770 1821 Verbo
797 1794 875 1834 per
903 1784 1105 1835 “equum
1136 1779 1327 1827 album,”
1353 1786 1584 1821 ostensum
1610 1779 1735 1822 vide-

245 1850 345 1885 atur
375 1844 423 1891 in,
444 1842 660 1896 opusculo
684 1857 817 1896 supra
843 1844 986 1885 citato
1010 1843 1079 1884 De
1100 1842 1227 1896 Equo
1256 1842 1404 1891 Alb0,·
1435 1843 1514 1885 sed
1546 1843 1648 1897 quia
1676 1842 1735 1884 ibi

244 1905 387 1947 solum
425 1919 566 1960 pauca
602 1905 701 1947 loca
742 1920 801 1947 ex
835 1906 990 1948 Verbo
1026 1903 1223 1956 adduEta
1267 1913 1386 1954 sunt,
1425 1905 1737 1954 confirmantia

244 1969 364 2023 quod
391 1973 567 2023 “equus
582 1969 600 1984 ’²
626 1969 848 2022 significet
874 1959 1197 2020 intellectuale,
1224 1969 1326 2010 ideo
1348 1968 1483 2010 velim
1513 1960 1592 2010 hic·
1610 1967 1737 2023 plura

244 2032 479 2081 adducere,
504 2039 551 2073 ut
574 2031 707 2085 plena
729 2033 786 2074 sit
810 2032 1119 2089 confirmatioj
1151 2045 1265 2086 quae
1287 2038 1391 2073 sunt
1415 2031 1651 2086 sequentia
1666 2044 1737 2072 ετ-

246 2094 383 2148 Apud
408 2094 695 2143 Ezechielem,

312 2190 334 2203 ‘⁶
345 2188 570 2229 Congregate
584 2199 648 2220 vos
662 2199 683 2220 a
695 2189 840 2221 circuitu
853 2199 960 2230 super
972 2188 1181 2221 sacrificium
1195 2198 1313 2220 meum
1328 2187 1423 2229 quod
1439 2187 1597 2219 sacrifico
1610 2187 1713 2219 vobis
1727 2197 1735 2219 :

422 2257 429 2264 .
444 2257 451 2264 .
465 2257 472 2264 .
488 2232 718 2264 .satiabimini
732 2243 837 2273 super
850 2243 976 2264 mensa
992 2243 1083 2270 mea,
1103 2242 1195 2273 equo
1211 2238 1247 2263 et
1263 2241 1377 2269 curru,
1394 2231 1476 2263 forti
1494 2237 1529 2263 et
1546 2231 1644 2262 omni
1657 2231 1736 2262 viro

399 2275 499 2307 'belli
513 2285 536 2314 ;.
551 2300 558 2307 .
572 2300 579 2308 .
594 2276 659 2308 ,sic
675 2276 768 2307 dabo
787 2276 938 2316 gloriam
956 2286 1072 2308 meam
1089 2276 1181 2308 inter
1196 2281 1324 2349 gent‘es
1335 2273 1354 2287 '⁷
1370 2275 1503 2315 (xxxix.
1522 2281 1574 2313 17,
1591 2283 1643 2313 20,
1660 2274 1734 2314 21):

244 2371 391 2425 agitur
416 2371 474 2411 ibi
500 2371 556 2412 de
583 2372 910 2413 convocatione
937 2372 1136 2413 omnium
1160 2371 1216 2412 ad
1248 2383 1437 2424 regnum
1465 2369 1659 2419 Domini,
1688 2375 1735 2410 et

244 2435 287 2474 in
319 2434 467 2487 specie
499 2434 554 2474 de
585 2435 911 2475 instauratione
943 2435 1162 2476 ecclesiae
1195 2434 1313 2487 apud
1351 2439 1540 2486 gentes;
1586 2433 1735 2485 agit-ur

244 2497 363 2537 enim
389 2496 444 2537 de
470 2497 734 2549 captivitate
762 2497 992 2550 spirituali,
1017 2499 1060 2538 in
1087 2511 1174 2551 qua
1200 2497 1378 2538 fuerunt
1405 2502 1582 2548 gentes,
1606 2501 1653 2535 et
1678 2495 1734 2535 de

245 2559 508 2600 liberatione
539 2559 596 2599 ab
627 2558 728 2599 illa:
773 2573 851 2612 per
883 2559 1215 2601 “sacrificium''
1247 2558 1366 2612 quod
1397 2557 1732 2605 sacrificaretur,

243 2621 519 2675 significatur
540 2622 684 2662 omnis
706 2621 852 2662 cultus
871 2636 960 2675 quo
983 2623 1145 2664 colitur
1164 2622 1385 2663 Dominus
1403 2635 1411 2671 ;
1445 2634 1522 2674 per
1546 2621 1735 2661 “satiari

235 2695 375 2738 ‘super
415 2698 570 2725 mensa
606 2684 745 2732 mea,'’
777 2685 1055 2737 significatur
1091 2686 1212 2727 omni
1249 2685 1348 2726 cibo
1388 2683 1618 2737 spirituali,
1660 2684 1734 2737 qui
1786 2704 1790 2708 -

243 2749 346 2801 quia
382 2754 450 2788 est
488 2745 745 2787 intellectus
783 2748 876 2788 veri
913 2762 972 2789 ex
1012 2749 1167 2790 Verbo
1204 2754 1250 2789 et
1288 2761 1346 2788 ex
1384 2745 1588 2787 doctrina
1613 2747 1731 2795 inde,

244 2811 404 2851 dicitur
431 2814 584 2864 “equo
616 2817 661 2850 et
693 2823 819 2851 curru
841 2810 874 2861 ;”
915 2824 993 2864 per
1026 2815 1228 2865 “equum
1244 2810 1264 2826 ”
1295 2809 1569 2863 significatur
1599 2808 1733 2849 intel-

243 2871 386 2913 lectus
408 2873 499 2913 veri
525 2887 584 2913 ex
607 2871 777 2920 Verbo,
797 2879 846 2913 et
870 2886 949 2925 per
969 2878 1180 2915 “currum
1192 2873 1211 2890 ’'
1232 2871 1508 2926 significatur
1530 2869 1734 2914 doftrina

243 2935 372 2985 inde;
408 2941 454 2975 et
482 2948 658 2988 quoque
691 2935 851 2976 dicitur
879 2935 1017 2976 “forti
1048 2943 1094 2977 et
1126 2936 1248 2977 omni
1278 2936 1374 2976 viro
1405 2933 1550 2983 belli‚’'
1575 2940 1622 2974 et
1653 2947 1733 2987 per

246 2997 474 3038 “fortem''
498 2996 773 3050 significatur
795 3011 949 3038 verum
971 3012 1029 3039 ex
1053 2999 1174 3040 bono
1196 2998 1316 3052 quod
1334 2998 1526 3038 destruit
1545 2996 1728 3049 malum,
