2008 3432
237 358 321 401 ⁶62
646 363 982 398 APOCALYrsis
1009 362 1312 395 EXHACATA.

237 479 374 528 altari
398 480 583 527 animas
607 480 875 527 occisorum
901 488 1100 542 propter
1123 478 1344 525 Verbum
1371 477 1481 532 Dei,
1507 487 1557 526 et
1579 495 1722 542 prop-

235 567 310 604 ter
333 556 661 603 testimonium
687 548 818 618 qnod
843 555 1102 602 habebant.

200 625 208 634 ’
311 647 382 679 10.
426 632 488 678 Et
512 631 781 678 clamabant
799 648 921 678 voce
946 646 1140 694 magna,
1161 629 1395 685 dicentes,
1413 630 1585 693 Usque
1610 647 1725 693 quo,

239 708 469 762 Domine,
489 708 571 771 qui
598 706 809 755 Sanctus
834 717 883 754 et
907 707 1084 760 VeruS,
1105 722 1203 753 non
1223 705 1409 770 judicas
1433 716 1484 778 et
1508 706 1726 754 vindicas

237 785 528 848 sanguinem
555 794 772 831 nostrum
797 783 860 831 de
884 782 1212 830 habitantibus
1236 796 1383 845 super
1406 782 1565 830 terra?

311 876 326 907 1
345 877 382 907 1.
432 860 494 907 Et
518 860 658 907 datae
677 859 878 923 singulis
901 858 1054 906 stolae
1080 857 1248 914 albae;
1285 869 1336 907 et
1354 857 1537 906 dictum
1560 859 1645 914 eis,
1671 870 1725 907 ut

237 937 600 999 requiescerent
624 936 783 984 adhuc
805 946 997 998 tempus
1021 952 1241 998 parvum,
1266 952 1423 998 usque
1447 935 1564 983 dum
1590 953 1723 984 com-

236 1012 432 1076 plentur
457 1023 506 1060 et
535 1012 758 1060 conservi
789 1029 959 1059 eorum
989 1022 1038 1059 et
1068 1011 1235 1059 fratres
1264 1029 1451 1067 eorum,
1474 1013 1556 1076 qui
1585 1013 1724 1060 futuri

239 1089 391 1137 occidi
415 1089 538 1136 sicut
562 1099 612 1136 et
636 1088 715 1136 illi.

312 1181 327 1212 1
341 1181 384 1212 2.
432 1165 495 1212 Et
514 1165 610 1212 vidi
630 1182 781 1227 quum
800 1164 1069 1227 aperuisset
1087 1163 1297 1228 sigillum
1316 1174 1524 1219 sextum,
1544 1175 1593 1212 et
1612 1175 1725 1212 ecce

235 1251 394 1289 terrae
418 1252 580 1289 motus
605 1258 811 1305 magnus
836 1239 989 1288 factus
1014 1250 1103 1294 est,
1129 1251 1178 1288 et
1202 1240 1274 1288 soi
1303 1240 1457 1288 factus
1480 1252 1556 1288 est
1586 1242 1727 1305 niger

236 1327 466 1381 tanquam
504 1334 670 1365 saccus
709 1317 935 1370 cilicinus,
974 1326 1023 1364 et
1062 1315 1174 1365 luna
1213 1315 1341 1365 facta
1381 1325 1456 1364 est
1492 1327 1724 1380 tanquam

237 1394 452 1458 sanguis.

313 1487 384 1531 13.
434 1471 497 1518 Et
521 1470 689 1518 stellae
714 1470 832 1518 caeli
858 1470 1137 1518 ceciderunt
1161 1470 1208 1518 in
1239 1480 1434 1523 terram,
1458 1470 1579 1518 sicut
1606 1469 1726 1518 ficus

238 1547 397 1611 dejicit
420 1564 622 1610 grossos
645 1564 762 1595 suos
785 1564 814 1594 a
839 1564 1020 1611 magno
1044 1557 1195 1595 vento
1218 1564 1468 1594 concussa.

313 1638 384 1683 14.
434 1623 497 1670 Et
529 1622 716 1671 caelum
742 1624 975 1671 abscessit
1006 1633 1238 1687 tanquam
1267 1622 1390 1670 liber
1411 1621 1725 1676 commi-utu&

238 1708 288 1746 et
313 1699 474 1746 omnis
501 1715 642 1747 mons
667 1709 717 1747 et
741 1699 895 1747 insula
919 1716 947 1747 e
971 1698 1086 1747 locis
1110 1699 1209 1746 suis
1233 1708 1400 1747 emota
1422 1708 1549 1746 sunt.

312 1775 384 1822 15.
433 1775 495 1822 Et
523 1791 666 1839 reges
694 1785 867 1829 terrae,
894 1786 943 1823 et
973 1785 1227 1840 magnates
1256 1785 1307 1823 et
1334 1775 1523 1830 divites,
1547 1783 1598 1822 et
1626 1773 1722 1822 chi-

236 1850 397 1898 liarchi
436 1862 485 1898 et
522 1862 762 1914 potentes,
801 1862 851 1899 et
891 1852 1050 1899 omnis
1087 1868 1259 1899 servus
1300 1861 1351 1898 et
1391 1851 1551 1898 omnis
1589 1850 1726 1904 liber,v

237 1927 596 1975 absconderunt
626 1945 680 1975 se
717 1928 850 1990 ipsos
882 1928 929 1975 in
961 1926 1206 1991 speluncis
1225 1937 1287 1975 ct
1318 1927 1366 1975 in
1404 1927 1555 1990 petris·
1585 1943 1722 1973 mon-

236 2003 370 2051 tium.

312 2082 382 2126 16.
433 2079 495 2126 Et
510 2079 734 2126 dicebant
753 2081 1000 2127 montibus
1019 2090 1070 2128 et
1087 2080 1248 2144 petriS,
1265 2079 1439 2128 Cadite
1455 2095 1726 2142 super-nos,

238 2165 288 2202 et
311 2155 595 2203 abscondite
621 2172 709 2203 nos
739 2173 767 2204 a
795 2156 914 2204 facie
942 2156 1173 2205 Sedentis
1197 2173 1345 2220 super
1368 2155 1561 2210 throno,
1586 2165 1636 2203 et
1663 2155 1727 2202 ab

238 2231 307 2279 ira
331 2231 480 2295 Agni.

313 2323 329 2354 1
342 2319 384 2366 7.
433 2307 561 2369 Quia
580 2308 716 2356 venit
738 2308 846 2356 dies
863 2324 1074 2374 magnus
1093 2309 1191 2357 irae
1210 2308 1345 2374 Ejus,
1364 2318 1414 2356 et
1437 2307 1545 2372 quis
1562 2315 1726 2370 potest

237 2382 536 2431 consistere?

787 2585 1047 2619 EXPLJCA
1061 2587 1175 2620 Tlo.

861 2693 999 2719 VERSUS
1018 2695 1045 2726 1.
1063 2695 1095 2720 2.

315 2760 452 2804 350.
489 2765 549 2792 “ft
561 2766 620 2793 vid!
630 2773 693 2793 eum
705 2767 874 2798 aperuisset
886 2768 982 2801 Agnus
994 2769 1116 2801 prtmum
1129 2776 1166 2796 ex
1177 2768 1293 2803 statmae.
1304 2770 1335 2796 et
1345 2769 1447 2796 audlv!
1456 2774 1543 2795 unum
1554 2775 1591 2796 ex
1603 2771 1727 2802 quatuor

237 2803 410 2831 animalibus
429 2805 528 2832 droens
547 2807 683 2838 tanquam
704 2813 769 2832 voce
787 2807 917 2838 tonitrus,
938 2808 1006 2834 Vem'
1021 2811 1051 2835 et
1069 2809 1176 2841 aspr'ce.
1214 2809 1249 2835 Et
1267 2808 1332 2840 otdl.
1349 2809 1380 2834 et
1397 2815 1463 2834 ecce
1481 2815 1572 2841 equus
1586 2808 1679 2839 albus,
1696 2810 1726 2835 et

238 2842 345 2868 cedens
360 2842 512 2874 superma
526 2843 637 2870 habens
652 2850 758 2875 ανοιηη,
774 2845 805 2870 et
819 2845 889 2871 data
904 2845 932 2871 el
946 2852 1061 2878 corona,
1076 2848 1106 2873 et
1120 2847 1212 2873 exlm't
1226 2846 1341 2873 vincens
1355 2847 1386 2872 et
1399 2847 1432 2872 ut
1445 2845 1603 2872 vfflcemtst

285 2931 313 2955 1.
347 2924 409 2957 “ft
427 2924 518 2962 vidi‚''
530 2925 689 2966 significat
703 2927 1001 2968 manifestationem
1014 2934 1162 2960 statuum
1174 2940 1287 2960 eorum
1299 2929 1361 2970 qui
1374 2928 1415 2959 ab
1426 2928 1554 2959 ecclesia
1570 2927 1630 2959 ubi
1650 2927 1725 2958 Ver·

413 2969 490 2999 bum
511 2969 561 3012 [n.
580 2969 680 3010 351];
708 2975 805 3002 “cum
820 2971 1018 3013 aperuisset
1032 2972 1146 3015 Agnus
1165 2972 1312 3016 primum
1336 2982 1377 3005 ex
1394 2971 1545 3014 sigillisl'
1561 2970 1724 3012 significat

405 3013 558 3054 primam
581 3024 602 3044 a
625 3013 774 3045 Domino
797 3016 1095 3057 manifestationem
1122 3017 1173 3060 [n.
1199 3016 1303 3059 352];
1332 3018 1396 3050 ’θεέ
1416 3014 1535 3049 audiri
1557 3025 1658 3048 unum
1683 3025 1724 3048 οι
