2008 3432
310 375 395 430 672
726 381 1060 416 APOCALYPSIS
1090 381 1391 415 EXPLICATA.

314 511 422 539 vera
448 496 554 538 boni
580 495 823 546 naturalis;
856 508 908 536 ac
937 508 1015 548 per
1042 497 1234 547 “equOS,
1262 494 1436 548 equites
1454 500 1500 536 et
1519 493 1694 536 mulos”
1711 494 1801 548 sig-

312 558 518 601 nificatur
548 556 806 600 intellectus
831 558 923 598 veri
954 563 1001 598 et
1033 556 1154 605 boni,
1189 569 1269 610 per
1301 556 1510 611 “equos”
1541 554 1803 598 intelle&us

311 623 418 670 veri,
443 636 522 675 per
545 621 759 675 “equites
771 620 791 636 ”
816 619 1135 672 intelligentia,
1155 625 1202 660 et
1226 633 1304 673 per
1328 619 1512 661 “mulos
1525 619 1545 635 ''
1566 619 1802 661 rationale.

313 691 426 731 (Quod
441 700 497 729 per
512 688 528 699 ‘⁶
541 691 664 720 mulum
676 690 692 699 '⁸
709 690 903 727 significetur
917 689 1080 723 rationale,
1096 688 1242 718 videatur
1255 698 1286 719 n.
1304 691 1393 726 2781,
1409 697 1498 727 5741,
1514 689 1620 728 9212.)
1665 677 1802 731 Quis-

312 756 398 796 que
424 742 574 783 videre
601 747 755 795 potest
782 740 901 794 quod
933 753 1011 793 per
1040 740 1415 793 “negotiationes
1441 740 1588 793 Tyri,”
1614 754 1730 794 quae
1756 740 1801 796 in

312 804 391 846 illo
417 805 566 858 capite
592 811 638 845 et
671 804 776 844 alibi
802 809 1135 852 enumerantur,
1164 816 1255 844 non
1280 803 1596 856 intelligantur
1621 803 1803 856 negoti-

312 868 488 909 ationes
515 880 616 908 cum
643 866 821 914 talibus,
850 872 897 906 ut
924 878 1025 906 cum
1048 866 1167 906 vasis
1194 866 1322 915 aeris,
1351 866 1475 920 equis
1507 872 1553 907 et
1586 865 1731 914 mulis,
1756 873 1803 908 et

313 944 414 972 cum
452 930 650 984 pluribus
686 930 797 978 aliis,
837 930 915 970 sed
954 929 1074 982 quod
1112 929 1429 982 intelligantur
1465 930 1804 982 negotiationes

313 994 578 1048 spirituales,
598 1007 712 1047 quae
730 993 840 1033 fiunt
862 1006 939 1046 per
957 993 1244 1045 cognitiones
1261 992 1352 1033 veri
1370 999 1416 1033 et
1435 992 1565 1033 boni:
1599 991 1803 1033 Verbum

313 1057 431 1098 enim
458 1063 528 1098 est
556 1056 768 1096 Divinum
795 1062 840 1096 et
867 1055 923 1096 de
951 1055 1127 1096 Divinis
1152 1055 1263 1108 agit,
1291 1061 1338 1096 et
1371 1068 1461 1096 non
1493 1051 1548 1096 de
1576 1055 1802 1096 terrestri-

312 1119 420 1170 bus;
454 1133 589 1173 quare
621 1119 827 1160 continet
860 1117 1122 1171 spiritualia,
1150 1131 1264 1172 quae
1295 1124 1400 1159 sunt
1432 1117 1545 1159 caeli
1578 1124 1623 1159 et
1655 1117 1803 1159 eccle—

313 1183 418 1231 siae,
458 1196 571 1237 quae
608 1182 922 1235 exprimuntur
958 1181 1002 1220 in
1041 1193 1175 1222 sensu
1212 1180 1388 1230 ultimo,
1428 1181 1501 1234 qui
1538 1186 1608 1221 est
1645 1193 1804 1220 sensus

314 1242 512 1291 litterae,
532 1256 611 1296 per
633 1241 859 1282 naturalia
877 1255 992 1295 quae
1015 1241 1377 1295 correspondent
1399 1241 1500 1282 illis.
1550 1252 1662 1290 (Quod
1679 1249 1806 1289 ''nego-

313 1301 407 1330 tiari’'
424 1306 455 1330 et
469 1301 654 1330 umercari''
671 1301 702 1329 in
718 1301 825 1329 Verbo
840 1300 994 1338 significet
1015 1300 1211 1337 cognitiones
1225 1300 1289 1329 veri
1310 1304 1341 1329 et
1362 1300 1437 1329 boni
1460 1309 1645 1338 comparare
1666 1305 1697 1329 et
1718 1309 1806 1329 com·

313 1346 483 1380 municare,
499 1346 641 1375 videatur
655 1354 686 1374 n.
704 1346 791 1383 2967,
807 1352 902 1382 4453:
929 1349 959 1374 et
977 1345 1065 1382 quod
1084 1345 1185 1374 simile
1200 1343 1393 1374 “1¹lemere''
1409 1349 1440 1374 et
1455 1348 1472 1359 ‘⁴
1482 1344 1650 1380 vendere,¹'
1667 1354 1698 1374 n.
1715 1346 1804 1382 2967,

312 1404 402 1485 «297.
426 1403 516 1452 5453.
539 1403 629 1433 5371.
653 1403 743 1432 5374·
768 1393 892 1432 1²¹5406.
916 1402 1006 1432 5410,
1030 1395 1120 1432 542⁶¹
1143 1395 1233 1432 5886·
1256 1395 1347 1432 ⁶143,
1367 1403 1458 1433 7999.
1480 1395 1586 1434 9039·)
1661 1383 1803 1437 Apud

359 1458 517 1493 satam,

382 1528 404 1542 ⁴‘
417 1527 485 1569 Qui
496 1527 596 1558 duxit
609 1537 671 1558 eos
683 1537 745 1567 per
756 1528 919 1568 abyssos,
932 1527 1022 1558 sicut
1039 1536 1149 1568 equus
1165 1526 1201 1558 in
1214 1527 1356 1558 deserto
1373 1537 1445 1558 non
1463 1526 1700 1564 offenderunt,
1715 1527 1805 1559 sicut

488 1570 602 1602 bestia
616 1571 651 1602 in
668 1570 759 1601 valle
772 1571 967 1608 descendit,
984 1570 1128 1611 spiritus
1141 1570 1299 1612 Jehovae
1316 1570 1415 1602 duxit
1427 1580 1507 1602 eum
1518 1569 1536 1582 ''
1550 1570 1647 1610 (lxiii.
1663 1579 1713 1610 13.
1730 1572 1802 1610 14):

314 1657 462 1709 agitur
493 1657 538 1697 in
570 1670 624 1697 eo
656 1657 805 1709 capite
838 1657 894 1697 de
928 1656 1140 1705 Domino,
1173 1662 1220 1697 et
1253 1656 1309 1697 de
1343 1656 1487 1710 Ipsius
1518 1669 1670 1712 pugna
1701 1669 1803 1697 cum

313 1719 494 1760 infernis
526 1726 572 1760 et
605 1719 921 1772 subjugatione
954 1732 1134 1770 eorum;
1176 1719 1246 1760 hic
1279 1726 1431 1760 autem
1463 1719 1519 1760 de
1551 1719 1804 1760 salvatione

314 1795 466 1822 eorum
489 1783 562 1835 qui
585 1783 627 1822 in
655 1795 810 1822 amore
832 1789 878 1822 et
901 1781 988 1823 fide
1011 1783 1054 1823 in
1074 1781 1226 1836 Ipsum
1250 1788 1378 1822 sunt:
1413 1781 1458 1822 hi
1480 1788 1802 1835 comparantur

317 1848 470 1898 “equo
492 1845 535 1885 in
558 1845 780 1893 deserto,”
803 1852 848 1886 et
875 1845 1086 1886 “bestiae
1108 1845 1151 1886 in
1174 1844 1331 1893 valle,”
1354 1845 1454 1898 quia
1477 1858 1554 1898 per
1573 1848 1772 1898 “equum
1784 1843 1804 1860 '¹

313 1906 592 1960 significatur
613 1906 872 1948 intellectus
890 1909 996 1956 veri,
1013 1914 1059 1948 et
1083 1921 1161 1962 per
1185 1907 1417 1948 “bestiam
1430 1907 1448 1923 ”
1471 1905 1646 1948 affectio
1668 1907 1802 1958 boni;

314 1983 472 2011 omnes
499 1971 618 2011 enim
645 1971 1009 2023 comparationes
1040 1971 1083 2011 in
1111 1969 1267 2011 Verbo
1298 1984 1357 2011 ex
1390 1970 1801 2023 correspondentiis

314 2040 433 2074 sunt.
495 2034 547 2074 In
573 2033 859 2086 Apocalypsi,

381 2123 404 2137 ¹⁴
414 2122 495 2154 Vidi
512 2122 647 2153 caelum
661 2128 832 2162 apertum,
849 2128 884 2154 et
901 2132 981 2154 ecce
995 2132 1105 2164 equus
1117 2122 1229 2159 albus,
1245 2128 1281 2154 et
1298 2123 1456 2154 insidens
1475 2122 1507 2154 ei
1521 2123 1729 2155 vocabatur.
1744 2147 1751 2154 .
1765 2147 1773 2154 .
1788 2147 1796 2155 .

486 2165 640 2197 Verbum
663 2165 745 2197 Dei:
771 2172 807 2196 et
829 2166 1002 2198 exercitus
1027 2167 1085 2208 qui
1109 2166 1145 2198 in
1169 2166 1267 2197 caelo
1292 2167 1533 2207 sequebantur
1555 2165 1677 2207 Ipsum
1695 2175 1803 2207 super

486 2209 585 2250 equis
601 2209 690 2240 albis
701 2208 719 2220 ''
736 2209 819 2248 (xix.
837 2210 973 2249 11—16):

313 2294 432 2348 quod
469 2308 546 2348 per
583 2297 782 2348 “equum
819 2295 969 2335 album
987 2295 1006 2311 ”
1040 2294 1315 2349 significetur
1351 2293 1609 2336 intellectus
1645 2294 1800 2342 Verbi,

312 2356 514 2398 similiter
532 2370 608 2411 per
627 2360 802 2410 “equos
825 2357 951 2398 albos
964 2357 983 2373 ’'
1000 2358 1157 2412 quibus
1179 2358 1432 2398 insidebant
1455 2357 1528 2411 qui
1550 2357 1801 2410 sequeban-

314 2425 399 2467 tur,
415 2426 595 2460 constat
612 2433 621 2468 ;
649 2432 752 2459 nam
772 2420 1005 2460 “insidens
1023 2434 1138 2474 equo
1155 2420 1259 2460 albo
1271 2419 1290 2435 '’
1304 2426 1399 2461 erat
1419 2419 1637 2460 Dominus
1651 2419 1799 2472 quoad

313 2480 513 2522 Verbum
532 2495 540 2531 ;
564 2482 724 2521 dicitur
741 2483 859 2522 enim
877 2487 901 2502 ‘⁶
915 2482 975 2523 Et
995 2483 1166 2524 Sedens
1185 2496 1315 2536 super
1329 2482 1406 2523 illo
1420 2483 1666 2523 vocabatur
1681 2481 1797 2522 Ver-

311 2543 417 2584 bum
444 2544 526 2584 Dei
543 2544 576 2594 ;‘'
607 2551 653 2584 et
679 2545 722 2584 in
749 2558 879 2585 versu
912 2546 961 2585 16
985 2547 1058 2595 ibi,
1087 2546 1339 2586 “Habebat
1366 2559 1496 2598 super
1521 2545 1799 2586 vestimento

312 2612 358 2646 et
380 2619 510 2659 super
526 2605 694 2646 femore
720 2619 799 2646 suo
822 2620 989 2648 nomen
1013 2609 1242 2662 scriptum,
1272 2607 1491 2648 Dominus
1512 2607 1796 2648 dominorum

312 2674 358 2709 et
389 2668 491 2709 Rex
518 2667 710 2721 regum.”
770 2668 989 2710 Dominus
1015 2677 1202 2712 vocatur
1227 2670 1443 2718 Verbum,
1469 2671 1570 2724 quia
1596 2669 1797 2711 Verbum

312 2727 538 2781 significat
570 2728 783 2768 Divinum
815 2728 987 2771 Verum
1018 2731 1273 2784 procedens
1303 2731 1361 2771 ab
1392 2731 1513 2783 Ipso.
1571 2741 1650 2779 (Sed
1669 2741 1748 2771 haec
1767 2742 1799 2771 in

311 2787 503 2825 Apocalypsi
515 2787 638 2824 plenius
652 2787 808 2824 explicata
821 2788 988 2818 videantur
1002 2790 1033 2818 in
1050 2790 1204 2828 opusculo
1221 2790 1272 2819 De
1286 2790 1379 2827 Equo
1394 2790 1484 2824 Albo,
1500 2799 1531 2819 n.
1545 2798 1560 2818 1
1573 2799 1579 2824 ;
1603 2794 1634 2818 et
1645 2790 1731 2818 unde
1752 2794 1799 2818 est

311 2836 400 2873 quod
414 2836 572 2865 Dominus
585 2837 708 2865 dicatur
719 2837 873 2871 Verbum,
887 2847 917 2867 n.
933 2847 970 2877 14
982 2839 1050 2877 ibi.)
1094 2829 1322 2881 Quoniam
1337 2833 1362 2850 ⁴⁴
1375 2841 1529 2868 currus
1541 2827 1561 2843 '⁹
1573 2834 1620 2868 et
1640 2827 1797 2881 “equi'’

312 2885 565 2939 significant
584 2885 834 2927 doctrinam
853 2901 911 2928 ex
931 2888 1085 2930 Verbo
1102 2897 1148 2931 et
1166 2890 1259 2942 ejus
1276 2888 1568 2937 intellectum,
1587 2895 1633 2930 et
1651 2889 1795 2930 omnis

312 2946 514 2989 doctrina
535 2950 626 2989 veri
648 2956 693 2989 et
719 2949 811 3001 ejus
834 2950 1090 2992 intellectus
1113 2959 1182 2993 est
1209 2966 1233 2993 e
1259 2952 1385 2992 caelo
1407 2966 1433 2992 a
1456 2952 1663 3000 Domino,
1691 2951 1794 2992 ideo

313 3010 473 3051 dicitur
494 3011 549 3051 de
577 3011 695 3064 Ipso,
720 3013 839 3065 quod
869 3014 1076 3066 “equitet
1103 3028 1234 3068 super
1256 3014 1449 3064 Verbo‚’'
1473 3019 1641 3068 “super
1667 3013 1793 3055 nubi-
