2008 3360
302 242 387 294 780
717 250 1046 283 APOCALYPSIS
1077 249 1372 283 EXPLICATA.

290 368 465 403 sanant
480 362 709 404 hominem
725 363 787 404 ita
805 363 989 411 laesum,
1009 365 1034 382 “
1047 362 1196 403 oleum
1208 362 1229 378 ”
1241 362 1408 404 bonum
1423 364 1600 413 amoris,
1617 371 1663 405 et
1681 367 1706 384 ‘⁴
1719 365 1779 405 vi·

302 425 438 465 num’'
455 425 622 466 bonum
644 425 745 466 fidei
768 440 845 466 seu
863 438 1043 475 verum;
1076 425 1180 478 quid
1204 432 1356 466 cetera
1373 425 1643 479 significant,
1663 427 1783 480 quod

301 500 463 541 nempe
481 488 750 536 “sustulerit
765 501 865 529 eum
880 501 1011 541 super
1025 487 1526 540 propriumjumentum,
1544 495 1588 530 et
1604 489 1783 530 duxerit

300 549 356 590 ad
379 550 686 599 diversorium,
711 557 757 591 et
780 551 946 591 dixerit
968 549 1054 590 illis
1080 550 1138 590 ibi
1164 557 1212 591 ut
1234 563 1386 592 curam
1409 550 1500 603 ejus
1522 551 1784 599 haberent,”

300 611 509 651 videatur
529 625 663 664 supra
685 622 730 659 (n.
748 621 990 663 375[e(vffi.)]),
1014 610 1087 651 ubi
1112 610 1190 651 illa
1215 611 1446 664 explicata
1471 618 1589 652 sunt.
1649 611 1783 664 Quod

303 672 492 712 “vinum
505 671 523 687 ''
549 672 771 725 significet
803 685 956 713 verum
989 671 1222 720 ecclesiae,
1251 685 1341 713 non
1374 673 1509 713 modo
1541 687 1599 713 ex
1632 673 1782 714 allatis

301 733 412 775 locis
438 741 648 775 constare
675 741 844 788 potest,
872 734 951 775 sed
978 735 1114 775 etiam
1142 748 1199 775 ex
1226 734 1322 775 aliis
1348 735 1390 775 in
1418 735 1574 776 Verbo

371 823 435 863 (Ut
451 823 550 855 Esai.
566 824 586 856 i.
604 833 655 861 21,
671 832 732 861 22:
757 834 831 864 cap.
846 834 928 855 xxv,
943 824 983 860 6:
1007 833 1083 864 cap.
1097 823 1215 856 xxxvi.
1233 831 1290 863 17:
1315 824 1438 856 Hosclz.
1454 824 1512 856 vii.
1526 833 1557 862 4,
1574 832 1602 863 5.
1621 833 1680 864 Ι4;
1705 835 1781 865 cap.

472 867 542 899 xiv.
555 867 617 898 6-8
634 865 694 909 [Β.
708 865 838 908 Α.5-7]
853 878 858 899 :
881 868 985 898 Amos
998 867 1032 899 ii.
1047 868 1064 898 8
1079 878 1085 899 :
1109 867 1206 899 Such.
1219 867 1265 899 ix.
1280 875 1330 906 15,
1345 875 1402 906 17:
1428 868 1559 899 Psalm.
1571 868 1637 900 civ.
1653 868 1781 907 14—16).

383 950 465 1004 [fi]
509 950 735 1003 Quoniam
758 950 973 1003 pleraque
995 951 1039 990 in
1057 949 1214 991 Verbo
1235 950 1373 991 etiam
1395 951 1656 1004 oppositum
1678 963 1783 991 sen—

301 1014 397 1052 sur‘n
421 1012 605 1060 habent,
630 1012 693 1052 ita
715 1025 890 1065 quoque
916 1011 1144 1059 “vinum,''
1165 1017 1212 1052 et
1237 1011 1280 1052 in
1307 1025 1360 1052 eo
1383 1011 1606 1064 significat
1628 1024 1782 1052 verum

300 1073 598 1123 falsificatum,
627 1081 673 1115 et
706 1088 880 1128 quoque
911 1073 1085 1123 falsum,
1114 1081 1161 1115 ut
1194 1074 1237 1114 in
1268 1075 1558 1128 sequentibus
1590 1074 1700 1115 locis
1716 1087 1785 1114 :-

301 1136 438 1190 Apud
463 1136 664 1185 Esaiam,

368 1222 390 1233 ⁴⁴
402 1219 476 1251 Vae
487 1229 639 1250 coronae
651 1218 847 1259 superbiae,
861 1218 967 1250 ebriis
983 1218 1173 1269 Ephraimi,
1188 1218 1265 1250 flori
1277 1209 1504 1250 Uldecident'is
1515 1218 1649 1259 gloriae
1663 1215 1783 1260 [deco-

474 1260 536 1304 ris]
550 1262 637 1302 ejus,
651 1272 739 1302 quae
751 1271 856 1302 super
864 1262 977 1302 capite
988 1262 1088 1293 vallis
1099 1262 1282 1302 pinguium
1294 1262 1576 1302 perturbatorum
1588 1262 1695 1293 vino:

474 1306 620 1346 pedibus
634 1306 932 1336 conculcabuntur
942 1315 1074 1336 corona
1086 1305 1270 1346 superbiae
1282 1305 1368 1336 ebrii
1375 1305 1599 1345 Ephraimi;.
1658 1304 1708 1336 ,hi
1721 1314 1785 1345 per

474 1349 594 1380 vinum
604 1355 732 1386 errant,
745 1354 779 1380 et
791 1358 852 1389 per
863 1349 1011 1380 siceram
1023 1346 1427 1386 aberrant3121sacerdos
1438 1354 1473 1379 et
1485 1348 1656 1388 propheta
1664 1354 1783 1379 errant

474 1402 535 1433 per
548 1392 705 1429 siceram,
722 1393 956 1423 absorbentur
969 1402 990 1423 a
1003 1393 1097 1429 vino,
1113 1393 1279 1423 aberrant
1295 1401 1357 1432 per
1370 1389 1539 1430 fflvinum,
1555 1397 1674 1422 errant
1691 1391 1783 1422 inter

473 1436 644 1473 videntes,
665 1436 818 1467 titubant
833 1434 994 1475 judicio”
1011 1435 1143 1475 (xxviii.
1160 1443 1187 1473 1,
1202 1443 1231 1474 3,
1247 1435 1297 1475 7):

299 1512 411 1553 haec
435 1509 554 1552 dicta
576 1518 679 1552 sunt
703 1511 758 1552 de
780 1510 866 1551 illis
888 1512 960 1564 qui
982 1511 1210 1551 insaniunt
1235 1511 1279 1551 in
1301 1510 1616 1564 spiritualibus,
1641 1524 1700 1551 ex
1726 1524 1781 1551 eo

300 1574 419 1628 quod
437 1588 495 1615 ex
511 1580 654 1614 semet
669 1573 979 1627 intelligentes
993 1587 1091 1614 esse
1107 1573 1308 1622 credant,
1325 1579 1370 1614 et
1388 1573 1491 1614 inde
1505 1572 1780 1626 glorientur';

301 1636 476 1677 illorum
503 1642 651 1677 status
676 1636 746 1677 hic
771 1636 1036 1677 describitur
1062 1649 1140 1689 per
1162 1649 1307 1676 meras
1330 1636 1780 1689 correspondentias;

299 1699 361 1740 illi
387 1700 459 1753 qui
489 1699 716 1740 insaniunt
748 1699 791 1739 in
818 1698 1120 1752 spiritualibus
1146 1712 1224 1738 seu
1254 1699 1297 1738 in
1323 1698 1439 1739 veris
1469 1697 1784 1751 intelliguntur

300 1775 377 1815 per
390 1765 414 1781 ‘⁴
428 1760 613 1810 ebrios,”
627 1767 673 1802 et
688 1762 761 1815 qui
775 1762 878 1802 inde
893 1761 1203 1814 intelligentes
1219 1774 1266 1801 se
1281 1760 1468 1801 credunt
1483 1774 1561 1813 per
1574 1760 1781 1814 “Ephra-

299 1825 435 1864 imum
452 1823 485 1874 ;”
517 1829 563 1864 et
589 1823 801 1876 gloriatio
828 1822 1157 1876 intelligentiae
1184 1836 1261 1863 seu
1287 1822 1549 1863 eruditionis
1574 1822 1678 1863 inde
1704 1836 1782 1876 per

303 1889 328 1906 “
343 1898 556 1926 coronam
579 1885 851 1938 superbiae‚'’
874 1885 937 1925 illi
959 1885 1077 1926 enim
1099 1885 1173 1938 qui
1199 1884 1242 1924 in
1267 1883 1387 1924 falsis
1410 1882 1639 1924 doctrinae
1661 1891 1779 1933 sunt,

299 1954 346 1988 et
367 1948 411 1988 in
435 1948 486 1988 iis
509 1961 556 1988 se
579 1947 971 1996 confirmaverunt,
992 1947 1097 1987 dum
1119 1946 1399 1987 illustrantur
1416 1959 1468 1986 ac
1487 1946 1779 1995 videntvera,

300 2010 343 2049 in
375 2009 519 2050 altera
550 2010 643 2050 vita
673 2009 784 2050 fiunt
816 2016 1031 2063 tanquam
1063 2009 1196 2059 ebrii;
1229 2007 1344 2049 tales
1375 2007 1486 2049 fiunt
1518 2008 1678 2049 eruditi
1708 2010 1782 2062 qui

300 2085 348 2112 se
379 2072 423 2111 in
453 2070 574 2111 falsis
607 2070 999 2119 confirmaverunt,
1033 2077 1079 2112 et
1110 2071 1153 2111 in
1185 2070 1306 2111 falsis
1337 2084 1384 2110 se
1417 2069 1679 2111 confirmare
1710 2077 1780 2111 est

301 2147 359 2173 ex
391 2139 537 2174 semet
569 2139 616 2174 et
647 2147 737 2173 non
769 2147 795 2174 a
827 2133 1050 2183 Domino3
1082 2132 1184 2173 inde
1217 2137 1344 2185 patet
1371 2132 1475 2185 quid
1506 2132 1783 2185 significatur

300 2209 378 2249 per
397 2195 534 2236 “Vae
554 2208 747 2236 coronae
766 2196 1012 2249 superbiae,
1033 2195 1162 2236 ebriis
1185 2193 1416 2247 Ephraimi
1432 2194 1466 2234 :'’
1493 2208 1571 2248 per
1590 2194 1781 2235 “florem

300 2256 586 2298 ffldecidentis
612 2257 782 2310 gloriae
804 2271 918 2311 quae
944 2270 1075 2310 super
1100 2257 1248 2310 capite
1269 2255 1399 2296 vallis
1425 2256 1655 2309 pinguium
1681 2270 1781 2310 per-

301 2319 584 2359 turbatorum
609 2319 752 2367 vino,”
778 2319 1054 2372 significatur
1078 2331 1230 2359 verum
1257 2317 1474 2359 ecclesiae
1501 2318 1546 2358 in
1572 2331 1652 2359 sua
1677 2332 1781 2359 nas-

300 2381 451 2422 centia
482 2381 764 2434 deperditum
796 2384 865 2421 ex‘
890 2381 1161 2434 gloriatione
1196 2380 1526 2433 intelligentiae
1562 2381 1780 2434 propriae,

300 2457 414 2496 quae
446 2449 515 2483 est
548 2442 764 2483 naturalis
801 2443 994 2483 hominis
1026 2443 1221 2496 separati
1250 2455 1277 2482 a
1307 2441 1539 2496 spirituali,
1567 2443 1641 2496 qui
1673 2449 1781 2484 tunc

299 2505 422 2546 videt
459 2504 618 2545 falsum
656 2504 758 2545 loco
789 2506 906 2556 veri;
945 2505 1062 2545 “flos
1099 2502 1299 2558 gloriae’'
1329 2510 1399 2545 est
1430 2517 1586 2546 verum
1621 2505 1666 2546 in
1703 2519 1783 2546 sua

300 2567 534 2607 nascentia
565 2567 731 2607 cadens
756 2581 840 2607 ‘seu
877 2567 1115 2620 perditum,
1151 2570 1328 2620 f‘caput
1358 2566 1487 2607 vallis
1518 2567 1748 2620 pinguium
1763 2566 1783 2583 '’

300 2631 369 2669 est
395 2628 698 2681 intelligentia
724 2629 940 2669 naturalis
965 2629 1172 2683 hominis,
1199 2628 1486 2682 “perturbati
1512 2629 1617 2669 vino
1631 2628 1649 2644 ”
1675 2635 1779 2670 sunt

300 2691 372 2744 qui
384 2690 540 2730 vident
554 2690 713 2730 salsum
730 2690 830 2730 loco
846 2691 936 2731 veri
952 2704 961 2731 ε
984 2691 1207 2744 “pedibus
1222 2689 1605 2731 conculcabuntur
1616 2703 1784 2731 corona

299 2752 531 2806 superbiae
558 2752 665 2792 ebrii
692 2751 955 2805 Ephraimi'’
981 2751 1204 2805 significat
1230 2752 1349 2805 quod
1380 2747 1559 2805 prors'us
1585 2753 1780 2806 peritura

299 2815 356 2854 sit
381 2813 458 2854 illa
483 2813 810 2866 intelligentia:
848 2814 931 2854 “hi
957 2828 1034 2867 per
1058 2815 1208 2854 vinum
1235 2820 1385 2854 errant
1412 2820 1458 2854 et
1490 2828 1568 2867 per
1593 2815 1779 2855 siceram

299 2875 543 2916 aberrant”
580 2875 801 2928 significat
844 2890 922 2929 per
956 2876 1067 2916 falsa
1100 2883 1148 2917 et
1186 2889 1264 2929 per
1301 2875 1376 2916 illa
1413 2890 1526 2929 quae
1564 2890 1623 2917 ex
1664 2875 1780 2926 illis;
