2008 3360
597 345 703 377 CAP.
726 345 805 386 V1.,
829 344 969 378 VERs.
992 343 1139 377 2.—N.
1164 332 1339 389 357[d].
1631 333 1727 389 699

291 457 391 491 “Est
415 458 451 489 in
477 457 640 489 Schalem
666 458 932 490 tabernaculum
943 457 963 470 ”
984 457 1155 500 Jehovae,
1179 457 1247 488 “et
1269 455 1512 488 habitaculum
1537 454 1657 496 Ipsius
1681 456 1718 487 in

397 501 509 534 Zione
523 511 531 539 ;
556 502 604 532 ibi
626 502 732 542 fregit
749 512 880 533 nervos
895 511 1009 540 arcus,
1029 507 1168 533 scutum
1184 507 1221 532 et
1235 500 1393 541 gladium
1410 506 1446 531 et
1462 499 1596 531 bellum
1606 499 1624 511 '⁵
1641 499 1716 540 (Ps.

397 545 506 591 lxxvi.
521 554 553 585 3,
565 554 587 584 4
605 543 665 587 [B.
679 547 725 578 A.
741 554 771 584 2,
787 543 857 587 3]):

222 636 427 678 similiter
452 636 522 677 hic
549 636 606 676 de
632 636 887 676 cessatione
913 636 1058 676 omnis
1089 648 1266 688 pugnae
1297 640 1343 675 et
1374 634 1521 674 omnis
1547 633 1720 674 discidii

224 700 269 741 in
294 713 438 753 regno
465 699 647 739 Domini
673 689 846 751 agitur3
879 713 958 752 per
981 697 1260 740 “sebalem”
1277 697 1350 738 ubi
1377 696 1718 738 tabernaculum

221 763 436 816 Jehovae,
454 769 500 803 et
523 776 601 816 per
620 766 645 782 “
660 762 878 803 Zionem”
896 763 968 802 ubi
990 761 1296 803 habitaculum
1316 760 1472 814 Ipsius,
1492 759 1719 813 significa-

224 832 297 867 tur
313 839 503 879 regnum
522 825 751 879 spirituale
771 832 816 865 et
835 838 1023 879 regnum
1042 824 1239 866 caeleste
1263 824 1418 877 Ipsius,
1439 837 1517 877 per
1541 828 1565 844 ‘⁴
1579 823 1719 864 Scha-

224 888 337 930 lem”
347 902 536 942 regnum
551 887 782 942 spirituale
798 889 869 928 ubi
884 889 1124 941 genuinum
1138 901 1306 934 verum.
1319 893 1364 927 et
1381 900 1458 940 per
1471 891 1496 907 ‘⁶
1509 886 1720 927 Zionem”

223 965 412 1005 regnum
429 951 627 992 caeleste
642 952 714 991 ubi
733 952 976 1004 genuinum
995 951 1160 992 bonum
1179 965 1188 1001 ;
1211 957 1257 991 et
1275 964 1353 1004 per
1367 950 1486 1003 quod
1504 949 1720 1003 “franget

225 1028 386 1056 nervos
412 1028 555 1063 arcus,
583 1021 775 1063 scutum,
803 1014 1004 1067 gladium
1030 1021 1076 1055 et
1098 1013 1305 1062 bellum‚'’
1328 1012 1606 1066 significatur
1629 1013 1720 1053 dis-

225 1079 387 1132 sipatio
412 1079 559 1119 omnis
584 1091 769 1131 pugnae
795 1075 1263 1118 falsorumdoctrinae
1288 1083 1447 1117 contra
1479 1076 1646 1116 bonum
1672 1082 1719 1117 et

224 1154 404 1192 verum;
448 1141 611 1182 “nervi
643 1140 802 1181 arcus''
835 1147 939 1181 sunt
973 1139 1235 1194 principalia
1266 1137 1510 1180 doetrinae.
1581 1138 1720 1192 Apud

225 1204 487 1254 Hosclzeam,

292 1295 315 1309 ⁸⁴
327 1293 466 1326 Feriam
483 1294 553 1325 illis
570 1293 697 1325 foedus
715 1293 750 1325 in
767 1294 825 1325 die
843 1293 904 1324 illo
918 1303 997 1324 cum
1014 1292 1130 1324 bestia
1145 1292 1232 1333 agri,
1246 1298 1282 1324 et
1297 1302 1377 1324 cum
1395 1302 1462 1323 ave
1478 1292 1670 1329 caelorum,
1687 1299 1722 1324 et

397 1347 476 1369 cum
491 1337 608 1378 reptili
626 1343 751 1375 terrae,
768 1343 803 1368 et
820 1346 940 1368 arcum
955 1343 990 1368 et
1006 1336 1164 1376 gladium
1177 1342 1214 1368 et
1229 1336 1360 1367 bellum
1378 1335 1542 1376 frangam
1556 1336 1601 1367 de
1614 1342 1718 1373 terra,

366 1385 369 1388 '
397 1387 434 1413 et
449 1382 580 1413 cubare
596 1381 724 1412 faciam
742 1391 805 1412 eos
822 1390 944 1412 secure
955 1379 974 1392 ''
991 1380 1038 1420 (ii.
1056 1380 1129 1420 18):

225 1475 372 1529 agitur
388 1475 447 1516 ibi
464 1474 521 1516 de
538 1474 738 1515 adventu
758 1473 955 1520 Domini,
975 1480 1022 1514 et
1041 1479 1148 1514 tunc
1169 1471 1226 1513 de
1243 1470 1559 1525 conjunfflone
1578 1472 1722 1526 Ipsius

225 1552 326 1580 cum
353 1538 559 1579 omnibus
585 1538 658 1591 qui
690 1537 734 1576 in
762 1537 877 1577 veris
904 1550 962 1576 ex
990 1536 1111 1576 bono
1137 1542 1266 1584 sunt;
1299 1549 1377 1589 per
1400 1535 1593 1576 “foedus
1620 1549 1722 1576 cum

226 1602 369 1643 bestia
390 1601 500 1654 agri,
520 1614 621 1641 cum
639 1614 722 1641 ave
745 1599 969 1640 caelorum
989 1606 1035 1639 et
1058 1612 1159 1639 cum
1178 1598 1325 1652 reptili
1347 1598 1533 1647 terrae,”
1552 1598 1721 1651 signifi-

208 1671 354 1705 *catur
376 1662 630 1717 conjunfflo
653 1676 753 1703 cum
777 1660 1011 1703 affeffione
1037 1661 1143 1702 boni
1169 1674 1336 1710 eorum,
1361 1674 1461 1702 cum
1483 1654 1720 1702 affeEtione

225 1728 331 1775 veri,
358 1733 404 1768 et
437 1740 536 1768 cum
564 1724 799 1767 affectione
831 1725 1141 1778 cognitionum
1168 1725 1259 1765 veri
1290 1731 1336 1765 et
1368 1725 1473 1765 boni
1500 1738 1613 1778 quae
1646 1738 1719 1765 ec-

226 1789 416 1840 clesiae;
455 1788 671 1830 “bestia”
697 1789 815 1829 enim
845 1786 1008 1840 “agri'’
1034 1786 1257 1840 significat
1284 1785 1566 1828 affectionem
1600 1788 1719 1836 boni,

226 1854 359 1894 “avis
382 1853 608 1894 caelorum
621 1852 640 1866 ”
662 1850 944 1892 affectionem
967 1850 1073 1898 veri,
1097 1857 1143 1891 et
1167 1850 1364 1903 “reptile
1387 1858 1533 1891 terrae
1545 1850 1564 1864 ”
1587 1850 1721 1891 affec-

226 1917 397 1957 tionem
430 1916 742 1968 cognitionum
768 1915 860 1955 veri
891 1920 937 1954 et
963 1913 1095 1962 boni;
1132 1913 1252 1966 quod
1284 1926 1375 1954 non
1401 1912 1550 1966 aliqua
1575 1913 1722 1954 bestia

227 1993 278 2020 ac
305 1980 398 2020 avis
425 1992 475 2019 ac
503 1978 664 2032 reptile
691 1984 836 2018 terrae
863 1977 932 2017 hic
958 1975 1252 2028 intelligatur,
1277 1975 1424 2016 nullus
1451 1989 1540 2016 non
1567 1976 1717 2026 videt;

226 2056 331 2083 num
353 2041 535 2095 aliquod
560 2041 715 2081 foedus
742 2054 842 2081 cum
870 2039 985 2080 illis?
1040 2037 1174 2091 Quod
1196 2053 1254 2079 ex
1278 2036 1592 2091 conjunctione
1620 2052 1721 2080 cum

227 2106 423 2146 Domino
445 2118 535 2146 non
562 2103 710 2157 aliqua
736 2117 886 2157 pugna
908 2102 1132 2143 exstitura
1157 2102 1214 2142 sit
1241 2101 1338 2142 falsi
1365 2109 1524 2142 contra
1550 2115 1719 2149 verum,

227 2167 504 2222 significatur
529 2181 607 2220 per
631 2167 751 2220 quod
780 2165 992 2206 “Arcum
1019 2171 1065 2204 et
1097 2164 1296 2217 gladium
1328 2171 1373 2205 et
1407 2164 1574 2205 bellum
1603 2164 1721 2204 fran-

226 2245 333 2285 gam
359 2231 415 2271 de
439 2238 559 2271 terra
575 2229 608 2280 ;”
635 2234 802 2286 “arcus
814 2229 833 2244 ‘'
856 2229 913 2268 ibi
939 2234 1008 2268 est
1035 2225 1252 2274 doctrina,
1277 2227 1523 2280 “gladius'’
1545 2233 1614 2268 est
1640 2227 1721 2267 fal-

226 2307 338 2343 sum,
365 2300 412 2334 et
439 2291 684 2333 “bellum'’
709 2298 778 2333 est
805 2304 969 2344 pugna.
1030 2289 1167 2343 Apud
1193 2289 1478 2338 Ezechielem,

293 2383 317 2397 ‘⁶
328 2382 398 2415 Hie
411 2382 488 2414 dies
499 2382 543 2413 de
554 2392 624 2423 quo
635 2380 776 2412 locutus
790 2389 868 2411 sum
884 2388 891 2417 ;
916 2385 1000 2410 tunc
1011 2378 1158 2409 exibunt
1169 2378 1390 2410 habitatores
1403 2378 1544 2410 urbium
1560 2378 1719 2416 Israelis,

399 2432 435 2458 et
451 2426 645 2458 incendent
662 2425 943 2463 comburentque
960 2431 1071 2459 arma,
1088 2428 1123 2453 et
1139 2428 1289 2459 scutum,
1306 2429 1342 2454 et
1359 2422 1523 2462 clipeum,
1539 2432 1620 2453 cum
1638 2431 1723 2453 arcu

399 2477 436 2502 et
447 2480 527 2502 cum
541 2470 634 2506 telis,
652 2475 688 2501 et
705 2478 785 2500 cum
803 2466 931 2498 baculo
949 2475 1090 2502 manus.
1106 2471 1142 2497 et
1157 2475 1238 2497 cum
1254 2466 1369 2504 hasta,
1385 2472 1421 2497 et
1437 2466 1636 2497 accendent
1651 2465 1722 2497 illis

400 2514 521 2554 ignem
539 2520 677 2554 septem
694 2511 800 2543 annis
811 2510 829 2522 ’'
846 2509 978 2550 (xxxiX.
996 2509 1026 2547 8,
1042 2508 1095 2550 9):

227 2604 377 2657 agitur
401 2603 460 2644 ibi
492 2604 548 2644 de
575 2603 721 2656 Gogo,
750 2615 828 2655 per
853 2612 986 2653 quem
1013 2599 1327 2652 intelliguntur
1352 2601 1424 2653 qui
1456 2600 1498 2640 in
1528 2606 1722 2641 externo

227 2666 352 2707 cultu
369 2673 473 2707 sunt
491 2673 538 2707 et
556 2667 599 2706 in
619 2665 743 2706 nullo
757 2665 934 2704 interno
951 2676 959 2712 ;
987 2661 1031 2702 hi
1045 2662 1145 2715 quia
1157 2669 1316 2703 contra
1333 2661 1615 2703 affectionem
1630 2664 1721 2704 veri

226 2729 501 2782 spiritualem
520 2735 641 2776 sunt,
662 2740 775 2781 quae
792 2731 862 2766 est
879 2737 1030 2765 amare
1047 2738 1152 2765 vera
1169 2725 1272 2778 quia
1288 2739 1393 2765 vera
1410 2732 1529 2771 sunt,
1549 2732 1594 2765 et
1618 2725 1720 2766 inde

226 2792 388 2832 suntin
403 2791 523 2832 salsis
543 2790 693 2845 quoad
713 2787 962 2829 d05trinam
981 2793 1028 2827 et
1045 2787 1088 2827 in
1107 2787 1235 2827 malis
1253 2787 1399 2840 quoad
1415 2788 1570 2834 vitam,
1587 2801 1720 2828 nemo

226 2854 343 2895 enim
366 2854 593 2895 reformari
618 2858 787 2906 potest,
807 2851 892 2891 hoc
915 2855 999 2897 est,
1018 2856 1064 2890 et
1086 2863 1113 2889 a
1133 2849 1255 2889 salsis
1277 2856 1322 2890 et
1345 2864 1370 2889 a
1389 2850 1518 2889 malis
1542 2851 1717 2895 abduci.

226 2917 307 2957 nisi
337 2931 414 2970 per
439 2930 572 2966 vera;
606 2915 709 2955 inde
735 2920 804 2954 est
837 2912 957 2966 quod
989 2912 1163 2952 dicatur
1188 2912 1308 2965 quod
1337 2913 1565 2954 “exibunt
1592 2913 1718 2953 habi-

227 2986 397 3020 tatores
429 2980 600 3020 urbium
628 2977 822 3025 Israelis,
851 2982 897 3016 et
930 2974 1195 3016 comburent
1227 2988 1350 3015 arma
1381 2981 1427 3016 et
1459 2982 1635 3016 scutum
1668 2984 1712 3029 et
