2008 3360
255 345 360 389 1274
662 343 995 377 APOCALYPSIS
1027 344 1328 378 EXPLICATA.

248 458 318 499 hic
352 471 442 499 non
475 457 745 511 intelligitur
777 471 913 507 mare,
948 471 1030 499 nec
1067 457 1387 511 intelliguntur
1416 457 1609 512 reptilia,
1644 458 1738 499 ani-

249 520 396 569 malia,
422 520 653 562 leviathan
675 535 753 562 seu
776 520 981 569 balaena,
1005 533 1056 562 ac
1084 534 1237 569 naves,
1263 521 1342 562 sed
1365 521 1475 562 talia
1497 535 1611 575 quae
1634 527 1738 562 sunt

247 583 366 637 apud
396 583 455 624 ho
509 584 602 624 'nes
629 583 875 634 ecclesiae3
914 583 959 624 hi
985 584 1104 624 enim
1133 582 1443 637 “exspectant
1467 582 1741 636 Jehovam:”

249 659 327 698 per
361 597 525 687 “ma-¹1}
561 659 776 699 magnum
809 652 855 686 et
894 645 1037 686 latum
1050 645 1069 660 ”
1101 645 1380 699 significatur
1410 653 1627 687 externus
1664 659 1741 687 seu

249 708 468 749 naturalis
490 709 642 757 homo,
662 709 735 762 qui
757 709 916 762 recipit
940 708 1059 749 bona
1076 715 1122 750 et
1141 723 1246 750 vera
1264 708 1511 750 scientifice
1528 723 1537 760 ;
1573 712 1598 729 “
1613 721 1740 761 mag-

250 771 386 812 num’'
418 772 580 812 dicitur
611 772 667 812 de
705 771 826 812 bono
857 771 931 819 ibi,
970 777 1016 812 et
1051 771 1265 813 “latum”
1291 772 1348 812 de
1387 785 1495 812 vero
1531 771 1615 812 ibi:
1665 783 1743 824 per

251 838 276 854 “
293 834 502 888 reptilia’'
545 834 856 887 significantur
901 833 1148 875 scientifica
1193 835 1320 885 viva;
1368 848 1446 888 per
1490 833 1744 875 “animalia

251 910 418 951 magna
445 903 491 938 et
518 911 657 951 parva
670 896 689 911 '’
716 897 1005 949 cognitiones
1037 896 1143 937 boni
1174 903 1221 938 et
1252 898 1344 938 veri
1371 898 1517 938 omnis
1548 896 1741 950 generis,

249 958 503 1011 superiores
528 964 574 998 et
601 957 848 1006 inferiores,
877 970 928 997 ac
956 958 999 997 in
1021 959 1250 998 communi
1272 964 1318 998 et
1344 958 1388 998 in
1414 958 1564 1011 specie
1587 967 1682 1004 (utin
1697 976 1746 996 ar-

250 1029 345 1058 riculo
360 1037 435 1057 mox
449 1028 612 1066 superiori.
630 1037 659 1057 n.
680 1026 801 1069 513):
835 1030 914 1070 per
938 1017 1149 1058 “naves”
1170 1017 1490 1071 intelliguntur
1511 1016 1742 1058 doetrina-

251 1079 333 1120 lia:
372 1093 451 1133 per
479 1078 857 1120 “leviathanem'’
890 1092 968 1119 seu
1002 1078 1311 1119 “balaenam''
1343 1080 1494 1119 omnia
1526 1077 1744 1119 naturalis

250 1143 443 1183 hominis
469 1143 513 1182 in
545 1141 803 1195 complexu,
827 1142 900 1195 qui
932 1142 1095 1182 dicitur
1119 1141 1312 1182 “ludere
1343 1142 1387 1181 in
1420 1140 1561 1182 mari’'
1588 1155 1647 1182 ex
1674 1139 1744 1193 ju-

250 1205 398 1246 cundo
415 1205 585 1245 sciendi
603 1211 649 1245 et
673 1205 776 1245 inde
799 1204 1016 1257 sapiendi.
1078 1203 1194 1257 Quia
1212 1204 1349 1244 homo
1367 1218 1426 1245 ex
1449 1203 1536 1244 illis
1554 1203 1746 1244 afficitur

250 1268 474 1309 desiderio
492 1268 662 1309 sciendi
677 1274 723 1308 et
742 1267 1042 1320 intelligendi,
1060 1267 1269 1314 dicitur,“
1284 1266 1449 1308 Omnia
1466 1267 1533 1307 Te
1551 1279 1745 1319 exspec-

252 1337 368 1379 tant,
398 1337 446 1371 ut
475 1332 555 1372 des
581 1332 729 1372 cibum
753 1343 906 1371 eorum
932 1331 976 1371 in
1000 1337 1205 1384 tempore
1223 1329 1256 1380 ;”
1292 1328 1627 1383 “exspectare'’
1654 1330 1746 1382 sig-

252 1393 403 1435 nificat
429 1394 697 1441 desiderare,
726 1399 772 1434 et
802 1394 964 1433 “cibus
977 1392 996 1407 ”
1022 1393 1259 1443 scientiam
1286 1399 1331 1433 et
1358 1392 1711 1444 intelligentiam
1734 1405 1743 1442 ;

252 1456 389 1496 homo
420 1458 539 1497 enim
575 1470 634 1497 ex
668 1449 715 1496 se
753 1469 842 1496 non
880 1455 1107 1496 desiderat
1145 1455 1258 1503 illas,
1293 1455 1372 1496 sed
1409 1469 1468 1496 ex
1506 1454 1593 1495 illis
1629 1468 1745 1508 quae

252 1519 369 1572 apud
397 1518 522 1560 illum
544 1533 570 1560 a
593 1519 805 1567 Domino,
830 1518 1017 1572 proinde
1042 1517 1119 1559 illa
1142 1518 1260 1571 apud
1287 1518 1531 1566 hominem,
1559 1517 1746 1558 tametsi

251 1588 439 1636 apparet
463 1582 577 1622 sicut
605 1581 742 1622 homo
768 1595 827 1622 ex
854 1595 915 1622 se.
977 1580 1115 1634 Apud
1142 1581 1350 1629 eundem,

321 1689 422 1731 “Qui
445 1689 666 1721 descendunt
689 1689 725 1720 in
750 1698 847 1720 mare
871 1688 908 1720 in
933 1689 1097 1726 navibus.
1120 1688 1292 1720 facientes
1312 1697 1402 1728 opus
1427 1688 1463 1718 in
1487 1686 1589 1727 aquis
1613 1686 1745 1723 multis,

425 1733 492 1783 ipsi
509 1733 675 1816 viderupt
691 1742 800 1773 opera
818 1731 988 1774 jehovae,
1009 1738 1044 1764 et
1062 1731 1237 1763 mirabilia
1259 1731 1374 1772 Ipsius
1395 1730 1430 1762 in
1448 1728 1654 1771 profundo”
1671 1728 1745 1770 (Ps.

425 1786 504 1808 cvu.
520 1784 572 1815 23,
590 1784 632 1815 24
658 1787 665 1808 :

256 1870 383 1924 “Qui
409 1870 694 1911 descendunt
726 1870 771 1911 in
803 1883 926 1910 mare
961 1868 1045 1923 [in]
1080 1868 1283 1916 navibus,
1310 1867 1529 1908 facientes
1560 1879 1672 1919 opus
1703 1865 1748 1906 in

253 1935 378 1988 aquis
405 1932 598 1981 multis,”
620 1932 844 1986 significat
871 1931 973 1973 illos
996 1932 1070 1986 qui
1095 1932 1274 1972 intense
1300 1930 1488 1971 student
1516 1926 1748 1969 doetrinae

253 1998 345 2038 veri
371 2011 430 2038 ex
458 1996 638 2046 Verbo;
675 1995 776 2036 “illi
802 1995 1011 2036 viderunt
1038 2008 1175 2048 opera
1204 1993 1419 2046 Jehovae,
1447 1998 1493 2033 et
1527 1990 1747 2032 mirabilia

257 2061 401 2113 Ipsius
426 2061 470 2100 in
498 2058 758 2112 profundo‚''
785 2057 1010 2111 significat
1037 2057 1158 2111 quod
1187 2056 1251 2097 illi
1281 2055 1542 2108 intelligant
1569 2067 1675 2095 vera
1699 2059 1747 2094 et

254 2123 373 2164 bona
395 2122 508 2163 caeli
530 2129 576 2163 et
599 2121 832 2170 ecclesiae,
856 2127 902 2162 et
925 2120 1082 2161 abdita
1104 2133 1258 2161 eorum
1275 2133 1285 2170 ;
1321 2122 1496 2172 “opera
1515 2115 1749 2170 Jehovae''

254 2191 359 2226 sunt
396 2185 547 2226 omnia
579 2184 719 2225 Verbi
750 2198 864 2238 quae
901 2182 1137 2237 perficiunt
1174 2182 1418 2228 hominem,
1452 2194 1566 2233 quae
1598 2179 1750 2220 omnia

254 2263 302 2290 se
319 2248 515 2289 referunt
538 2247 595 2287 ad
613 2260 766 2288 verum
785 2253 831 2287 et
854 2246 1022 2287 bonum
1040 2259 1049 2295 ;
1082 2252 1129 2286 et
1150 2249 1175 2265 ‘⁴
1190 2243 1408 2285 mirabilia
1429 2244 1474 2283 in
1497 2241 1718 2295 profundo
1731 2240 1752 2257 ’³

255 2317 359 2353 sunt
386 2311 542 2351 abdita
566 2309 899 2363 intelligentiae
925 2315 971 2349 et
998 2308 1260 2367 sapientiae.
1322 2305 1461 2359 Apud
1485 2304 1690 2353 Esaiam,

325 2417 415 2449 “Sic
438 2416 527 2447 dixit
550 2415 712 2457 Jehovah
735 2414 954 2455 Redemptor
971 2412 1132 2451 [¹]vester,
1154 2411 1305 2444 Sanetus
1332 2411 1486 2448 Israelis,
1511 2410 1662 2450 Propter
1684 2419 1750 2441 vos

429 2459 509 2491 misi
527 2459 562 2490 in
585 2459 764 2496 Habe-lem,
785 2464 820 2490 et
836 2458 999 2498 dejiciam
1017 2467 1144 2488 omnes
1162 2455 1294 2493 vectes,
1317 2461 1352 2487 et
1369 2454 1582 2491 Chaldaeos,
1598 2462 1748 2494 quorum

429 2503 466 2535 in
483 2503 634 2534 navibus
651 2501 815 2533 clamor''
828 2501 926 2542 (xliii.
945 2502 997 2541 14)
1011 2511 1018 2533 z

258 2593 370 2633 haec
390 2591 446 2632 de
469 2591 737 2631 liberatione
754 2589 951 2630 fidelium
975 2589 1032 2629 ab
1049 2588 1340 2642 oppressione
1358 2585 1535 2627 illorum
1554 2585 1627 2638 qui
1645 2597 1749 2624 vas·

256 2661 359 2696 tant
396 2653 662 2703 ecclesiam;
710 2666 789 2706 per
827 2651 1119 2692 “Babelem’'
1157 2649 1475 2702 intelliguntur
1511 2648 1584 2700 qui
1624 2646 1749 2687 illam

256 2723 456 2764 vastant,
484 2722 531 2757 et
557 2721 743 2756 vastant
770 2729 849 2768 per
874 2715 919 2755 id
945 2714 1065 2768 quod
1088 2714 1327 2754 detineant
1355 2724 1513 2752 omnes
1539 2723 1565 2750 a
1591 2709 1748 2762 cogni-

257 2780 455 2821 tionibus
486 2779 580 2819 veri
612 2784 658 2818 et
695 2778 816 2826 boni,
850 2778 1055 2818 dicentes
1087 2775 1207 2830 quod
1240 2775 1322 2828 ipsi
1354 2774 1514 2820 sciant,
1549 2778 1596 2812 et
1627 2770 1748 2825 quod

258 2844 364 2896 ipsis
389 2842 680 2890 credendum,
709 2853 810 2881 cum
837 2846 992 2881 tamen
1018 2838 1127 2879 nihil
1154 2839 1247 2879 veri
1278 2838 1453 2887 sciunt;
1492 2836 1553 2875 sic
1573 2840 1748 2893 ⁸tenen-

259 2913 329 2946 tes
355 2905 466 2946 alios
489 2917 640 2945 secum
667 2905 711 2944 in
738 2904 879 2944 densa
905 2902 1177 2956 ignorantia,
1201 2914 1252 2941 ac
1279 2905 1540 2941 avertentes
1567 2911 1593 2938 a
1623 2896 1749 2938 cultu

262 2968 442 3009 Domini
465 2968 523 3008 ob
545 2967 679 3008 finem
697 2973 745 3007 ut
769 2967 851 3020 ipsi
870 2965 1102 3007 colantur:
1138 2963 1366 3017 “dejicere
1384 2974 1538 3003 eorum
1555 2958 1748 3010 ve&es,”
