2008 3360
249 264 274 309 7
281 253 333 308 56
663 263 996 309 APOCALvPffls
1028 264 1326 298 EmecATA.

251 376 414 417 dicitur
437 375 652 418 “Unctus
676 368 909 430 Jehovae“
936 377 979 417 in
1002 390 1136 418 sensu
1158 379 1549 431 repraesentativo
1571 378 1741 421 intelli-

251 444 386 490 gatur
412 438 658 489 Dominus;
687 446 734 480 ut
758 439 876 492 apud
902 438 1105 487 Esaiam,

319 527 504 568 “Spiritus
523 528 669 559 Domini
686 528 840 570 Jehovih
858 538 964 568 super
982 527 1052 566 Me,
1073 528 1155 560 ideo
1172 529 1275 561 unxit
1291 529 1453 571 Jehovah
1479 529 1540 562 Me
1565 531 1610 562 ad
1634 540 1750 566 evam,

425 571 649 611 gelizandum
668 572 905 612 pauperibus:
931 571 1028 603 misit
1050 571 1109 603 Me
1134 572 1179 604 ad
1203 573 1435 613 obligandum
1460 572 1595 605 fractos
1620 574 1739 612 corde,

423 615 467 646 ad
485 615 759 655 praedicandum
776 615 927 655 captivis
945 615 1176 646 libertatem’·
1194 616 1267 655 (lxi.
1287 617 1327 656 1).

251 692 384 747 Quod
413 693 632 733 Dominus
659 693 806 746 quoad
835 692 1046 733 Divinum
1077 692 1337 734 Humanum
1364 694 1421 735 sit
1449 707 1581 748 quem
1609 694 1741 736 unxit

248 755 469 808 Jehovah,
494 762 676 796 constat
701 755 818 809 apud
840 754 1017 804 Lucam,
1043 755 1115 796 ubi
1139 755 1360 796 Dominus
1385 757 1429 797 id
1452 763 1609 810 aperte
1632 757 1741 798 dicit

251 818 319 858 his
345 818 506 871 verbis,

315 897 482 929 Traditus
491 904 544 929 est
555 897 640 939 Jesu
658 900 679 912 ¹¹
692 897 795 929 Liber
811 897 939 929 Esaiae
950 897 1146 938 prophetae
1159 907 1166 934 :
1187 903 1222 930 et
1236 898 1388 930 revolvit
1401 898 1542 936 librum,
1555 905 1589 930 et
1603 898 1739 930 invenit

425 941 541 972 locum
558 941 617 972 ubi
635 948 711 972 erat
728 941 910 981 scriptum,
932 941 1086 981 Spiritus
1105 941 1252 973 Domini
1269 951 1376 982 super
1394 941 1466 979 Me,
1486 948 1631 982 propter
1648 942 1742 983 quod

423 985 524 1016 unxit
544 984 613 1022 Me,
634 985 678 1016 ad
696 984 1016 1024 evangelizandum
1036 984 1253 1025 pauperibus
1270 985 1368 1016 misit
1386 985 1456 1022 Me,
1477 985 1521 1016 ad
1538 986 1741 1016 sanandum

429 1028 604 1060 contritos
622 1029 738 1065 corde,
759 1028 803 1059 ad
820 1028 1137 1068 evangelizandum
1150 1027 1280 1060 vinetis
1298 1028 1558 1066 remissionem,
1575 1035 1610 1060 et
1627 1029 1742 1060 caecis

423 1072 552 1109 visum,
573 1072 617 1103 ad
635 1071 891 1103 dimittendum
910 1071 1090 1103 sauciatos
1114 1081 1193 1103 cum
1218 1072 1444 1110 remissione,
1465 1073 1509 1103 ad
1535 1073 1743 1113 praedican-

425 1115 508 1146 dum
534 1125 667 1146 annum
696 1115 844 1146 Domini
865 1121 1070 1155 acceptum:
1097 1121 1223 1155 postea
1246 1116 1466 1147 convolvens
1491 1116 1620 1148 librum
1645 1116 1743 1148 dedit

424 1158 600 1196 ministro,
628 1168 668 1190 ac
694 1159 876 1195 consedit;
912 1159 1072 1190 omnium
1097 1165 1215 1190 autem
1249 1159 1285 1190 in
1310 1163 1497 1200 synagoga
1521 1159 1615 1191 oculi
1640 1166 1743 1191 erant

424 1202 559 1234 detenti
577 1202 612 1233 in
633 1202 773 1242 Ipsum:
801 1202 918 1242 coepit
942 1202 1061 1234 dicere
1079 1202 1123 1233 ad
1141 1202 1234 1240 illos,
1258 1202 1377 1234 Hodie
1395 1202 1544 1243 impleta
1561 1209 1616 1234 est
1632 1204 1743 1244 scrip-

422 1251 501 1277 tura
518 1247 604 1277 haec
622 1246 656 1276 in
675 1246 820 1277 auribus
838 1245 995 1277 vestris''
1013 1246 1073 1284 (iv.
1094 1246 1223 1286 17—21).

255 1314 392 1367 Apud
419 1314 658 1363 Danielem,

320 1379 449 1411 “Scito
473 1390 558 1419 ergo
583 1386 616 1411 et
641 1381 823 1421 percipito,
851 1381 896 1412 ab
919 1381 1015 1412 exitu
1035 1380 1142 1412 Verbi
1164 1391 1274 1422 usque
1293 1381 1337 1413 ad
1362 1381 1618 1413 restituendum
1639 1387 1674 1414 et
1697 1382 1742 1415 ad

425 1424 681 1455 aedificandum
702 1424 1005 1465 Hierosolymam,
1024 1434 1136 1466 usque
1152 1425 1195 1456 ad
1223 1424 1392 1456 Messiam
1412 1425 1611 1466 Principem
1636 1425 1743 1466 septi-

425 1477 551 1498 manae
569 1474 705 1508 septem
719 1467 736 1479 '’
753 1468 813 1507 (ix.
833 1469 905 1507 25):
1370 1486 1372 1489 .

253 1548 523 1590 “aedificare
543 1549 907 1603 Hierosolymam
920 1550 939 1565 ’'
954 1557 1028 1591 est
1046 1551 1294 1591 instaurare
1309 1550 1547 1592 ecclesiam
1565 1549 1612 1604 (“
1631 1551 1741 1592 Hie-

250 1611 507 1663 rosolyma”
522 1618 591 1652 est
607 1611 818 1666 ecclesia)
839 1627 847 1663 ;
876 1617 900 1632 “
920 1612 1109 1653 Messias
1125 1612 1375 1666 Princeps,”
1391 1627 1468 1654 seu
1486 1617 1511 1633 “
1525 1611 1742 1662 Un&us‚”

251 1680 320 1714 est
351 1673 570 1714 Dominus
597 1675 743 1728 quoad
778 1675 990 1715 Divinum
1025 1674 1298 1716 Humanum.
1361 1674 1499 1728 Apud
1531 1675 1739 1725 eundem,

319 1764 340 1776 ‘¹
354 1762 583 1803 Septimanae
601 1764 828 1803 septuaginta
844 1764 984 1795 decisae
1002 1769 1099 1796 sunt.
1115 1789 1122 1796 .
1136 1789 1143 1795 .
1159 1764 1217 1796 .ad
1235 1763 1496 1803 obsignandum
1510 1764 1687 1796 visionem
1707 1770 1742 1797 et

428 1807 648 1847 prophetam,
670 1813 705 1838 et
721 1808 765 1838 ad
782 1808 986 1847 ungendum
1005 1805 1174 1839 Sanctum
1192 1805 1396 1838 sanctorum
1407 1807 1425 1819 ''
1442 1807 1502 1847 (ix.
1519 1810 1592 1847 24):

252 1894 529 1946 “obsignare
566 1895 785 1935 visionem
823 1901 868 1936 et
913 1894 1213 1949 prophetam’'
1250 1901 1319 1936 est
1358 1894 1627 1936 concludere
1664 1895 1741 1936 illa

251 1969 366 2009 quae
398 1957 441 1996 in
474 1955 628 1997 Verbo
660 1957 715 1997 de
749 1957 948 1998 Domino
980 1956 1100 1998 dieta
1131 1963 1251 2005 sunt,
1285 1963 1331 1998 et
1369 1957 1597 2011 complere
1632 1957 1738 2008 illa;

253 2022 462 2070 “ungere
509 2016 723 2059 Sanctum
770 2017 1067 2067 san&orum,”
1107 2025 1177 2060 est
1225 2019 1435 2059 Divinum
1479 2019 1739 2062 Humanum

251 2080 431 2120 Domini
458 2081 502 2120 in
525 2094 612 2133 quo
635 2081 714 2121 fuit
744 2081 955 2122 Divinum
981 2081 1155 2122 Bonum
1180 2081 1330 2121 Divini
1357 2081 1541 2122 Amoris
1567 2095 1644 2122 seu
1665 2082 1739 2135 Je-

245 2142 413 2186 hovah.
466 2142 546 2183 Per
571 2146 596 2162 ‘⁴
611 2141 811 2184 Uncium
832 2143 1063 2196 Jehovae”
1086 2144 1129 2184 in
1153 2143 1444 2197 sequentibus
1468 2143 1578 2184 locis
1600 2144 1738 2185 etiam

251 2204 469 2244 Dominus
495 2204 763 2257 intelligitur
780 2205 988 2259 :—Apud
1013 2205 1247 2254 Davidem,

317 2295 338 2308 ‘¹
351 2293 595 2325 Constiterunt
613 2305 713 2334 reges
731 2302 856 2333 terrae,
870 2303 905 2327 et
921 2296 1166 2327 dominatores
1183 2296 1429 2327 consultatum
1445 2306 1518 2327 una
1541 2302 1666 2328 contra
1682 2296 1742 2338 Je-

422 2338 552 2376 hovam
570 2344 603 2369 et
620 2345 744 2370 contra
760 2338 914 2370 Umstum
931 2339 1048 2379 Ipsius
1061 2350 1085 2371 ε.
1101 2364 1108 2371 .
1122 2364 1129 2371 .
1144 2339 1237 2379 .Ego
1250 2339 1336 2370 unxi
1351 2339 1485 2380 Regem
1500 2349 1618 2371 meum
1633 2349 1741 2381 super

421 2381 580 2419 Zionem,
602 2387 761 2413 montem
784 2381 983 2414 sanetitatis
1001 2382 1131 2414 meae’'
1148 2382 1221 2422 (Ps.
1238 2382 1272 2414 ii.
1290 2390 1320 2419 2,
1337 2383 1390 2423 6):

252 2472 419 2520 “reges
456 2467 634 2508 terrae''
670 2475 775 2508 sunt
815 2469 940 2517 falsa,
975 2475 1021 2510 et
1063 2469 1442 2510 “dominatores'’
1479 2476 1582 2510 sunt
1620 2469 1739 2511 mala

248 2544 362 2583 quae
384 2529 441 2570 ab
463 2529 660 2578 infernis,
681 2538 843 2571 contra
866 2545 981 2584 quae
1005 2531 1239 2580 Dominus,
1264 2544 1364 2571 cum
1386 2531 1466 2572 fuit
1489 2533 1531 2572 in
1555 2532 1738 2580 mundo,

249 2592 482 2645 pugnavit,
511 2598 557 2632 et
590 2605 703 2645 quae
729 2594 835 2634 vicit
864 2600 910 2634 et
943 2593 1224 2646 subjugavit;
1261 2591 1478 2634 “Umerus
1507 2593 1739 2646 Jehovae''

248 2660 318 2694 est
342 2653 562 2694 Dominus
588 2654 736 2706 quoad
762 2654 974 2695 Divinum
999 2655 1273 2704 Humanum,
1298 2669 1356 2695 ex
1379 2669 1467 2708 quo
1489 2657 1736 2708 pugnavit;

251 2715 414 2763 “Zion,
449 2728 578 2755 mons
615 2713 909 2764 sanetitatisss’
942 2731 1075 2770 super
1112 2729 1244 2771 quem
1281 2716 1444 2757 dicitur
1481 2716 1658 2758 Unctus
1693 2718 1738 2758 in

249 2777 439 2830 Regem,
473 2783 543 2818 est
575 2791 764 2830 regnum
797 2778 1013 2828 caeleste,
1047 2779 1166 2832 quod
1208 2785 1277 2819 est
1318 2779 1362 2819 in
1394 2778 1514 2820 bono
1544 2780 1735 2829 amoris;

247 2839 332 2879 hoc
353 2852 544 2892 regnum
562 2845 631 2880 est
651 2840 858 2880 intimum
881 2840 993 2881 caeli
1015 2854 1066 2882 ac
1091 2841 1298 2882 intimum
1322 2840 1553 2882 ecclesiae.
1596 2841 1734 2895 Apud

248 2902 455 2948 eundem,
