2008 3360
684 304 792 338 CAP.
814 304 895 345 VL,
918 303 1057 336 VERS.
1077 302 1226 346 4.-Ν,
1250 291 1421 348 365[lc].
1701 301 1786 345 727

290 418 483 473 amplius
508 417 704 458 futurum
730 418 848 458 inter
873 415 1154 471 spiritualem
1179 414 1412 464 hominem
1438 419 1485 455 et
1510 413 1630 454 inter
1652 418 1786 453 natu-

290 481 446 530 ralem,
474 479 753 534 significatur
778 494 858 534 per
885 479 1030 521 “Non
1051 478 1259 520 audietur
1280 476 1474 530 amplius
1495 475 1715 517 violentia
1740 475 1785 515 in

291 551 412 586 terra
452 549 544 592 tua,
582 544 783 584 vastatio
823 549 871 584 et
903 540 1151 584 confractio
1185 541 1230 582 in
1270 540 1476 581 terminis
1517 539 1606 580 tuis
1623 537 1657 588 ;'’
1708 551 1787 591 per

294 607 596 649 “violentiam
607 606 627 621 ’'
650 604 930 659 significatur
951 605 1200 653 dissidium,
1219 617 1299 657 per
1322 606 1529 643 “terram
1541 601 1560 616 ’¹
1583 602 1786 642 internus

291 669 534 725 spiritualis
565 669 719 718 homo,
743 670 847 723 quia
877 669 936 709 ibi
967 674 1038 709 est
1070 667 1262 708 ecclesia
1287 679 1402 719 quae
1433 666 1477 705 in
1509 677 1676 717 genere
1708 677 1787 716 per

262 782 267 788 ι
297 741 322 754 ··
336 732 525 775 terram''
540 731 844 785 significatur;
868 745 946 784 per
963 730 1310 770 “vastationem
1328 734 1374 768 et
1394 724 1786 772 confractione1n,'‘

293 794 408 850 quae
429 799 559 837 “non
575 793 806 848 amplius,”
824 792 1102 846 significatur
1118 791 1239 846 quod
1261 804 1352 832 non
1371 790 1492 831 mala
1509 795 1555 830 et
1574 788 1686 829 falsa
1702 802 1712 838 ;
1740 795 1787 828 et

292 870 371 910 per
399 857 482 897 “in
512 856 717 896 terminis
731 855 750 870 '’
776 854 1055 908 significatur
1076 855 1121 895 in
1153 853 1347 894 naturali
1378 853 1576 900 homine,
1605 864 1710 892 nam
1742 851 1786 891 in

291 919 379 960 illis
405 933 519 973 quae
545 918 604 959 ibi
631 924 736 959 sunt
763 919 1064 959 terminantur
1089 916 1364 971 spiritualia;
1396 915 1517 970 quod
1542 929 1621 969 per
1645 918 1786 955 “vas-

293 983 516 1024 tationem
542 988 589 1023 et
615 979 999 1023 confractionem’'
1022 979 1332 1034 significentur
1356 978 1478 1020 mala
1499 985 1547 1020 et
1564 977 1691 1026 falsa,
1715 984 1787 1018 est

267 1065 273 1069 ‚
292 1047 395 1100 quia
415 1045 537 1087 mala
558 1051 744 1086 vastant
767 1044 1022 1085 naturalem
1033 1043 1271 1085 ‘hominem
1292 1048 1340 1084 et
1356 1042 1475 1084 salsa
1495 1042 1787 1095 confringunt

293 1109 433 1150 illum.

376 1173 466 1228 [h.]
509 1173 740 1226 Quoniam
770 1186 864 1226 pax
894 1178 966 1213 est
997 1172 1118 1225 apud
1147 1170 1252 1212 illos
1282 1171 1357 1225 qui
1387 1171 1432 1211 in
1462 1169 1788 1224 conjunctione

292 1239 399 1280 boni
421 1245 467 1279 et
489 1238 583 1279 veri
604 1243 710 1278 sunt
732 1250 759 1278 a
780 1237 992 1285 Domino,
1016 1242 1062 1277 et
1084 1236 1187 1290 quia
1208 1234 1377 1276 malum
1399 1234 1594 1276 destruit
1618 1234 1789 1275 bonum

293 1309 340 1344 et
371 1301 534 1344 falsum
558 1313 729 1350 verum,
758 1301 823 1341 ita
854 1313 1032 1354 quoque
1063 1311 1236 1353 pacem.
1298 1298 1411 1340 Inde
1441 1298 1644 1352 sequitur
1668 1298 1790 1352 quod

293 1365 417 1407 nulla
438 1379 531 1420 pax
553 1364 612 1406 sit
634 1363 754 1418 apud
776 1362 878 1404 illos
903 1363 977 1417 qui
998 1363 1043 1403 in
1066 1361 1196 1402 malis
1218 1367 1265 1403 et
1286 1361 1410 1402 falsis
1432 1366 1538 1402 sunt
1557 1375 1566 1412 ;
1599 1366 1790 1414 apparet

294 1429 475 1484 quidem
501 1429 617 1469 sicut
640 1428 699 1468 sit
725 1441 818 1481 pax
844 1426 962 1480 apud
988 1425 1091 1466 illos
1117 1425 1298 1479 quando
1319 1423 1407 1465 illis
1428 1425 1474 1465 in
1495 1423 1666 1465 mundo
1687 1436 1789 1464 suc-

294 1492 478 1542 cedunt,
512 1497 559 1533 et
590 1504 769 1545 quoque
794 1489 1005 1530 videntur
1030 1487 1113 1529 sibi
1143 1493 1251 1529 tunc
1278 1487 1394 1528 sicut
1420 1487 1542 1542 quod
1567 1492 1790 1528 contento

294 1556 446 1597 animo
472 1555 591 1606 sint;
624 1553 704 1594 sed
731 1566 824 1607 pax
855 1551 933 1592 illa
958 1564 1181 1604 apparens
1212 1556 1282 1592 est
1314 1549 1462 1591 solum
1492 1550 1538 1590 in
1569 1550 1790 1590 extremis

294 1630 464 1668 eorum,
502 1617 689 1659 interius
729 1622 885 1657 tamen
923 1627 1014 1655 non
1051 1619 1123 1654 est
1163 1626 1283 1668 pax;
1325 1613 1536 1666 cogitant
1574 1613 1695 1653 enim
1732 1611 1789 1653 de

293 1682 467 1723 honore
492 1687 539 1722 et
566 1680 692 1721 lucro
717 1679 888 1732 absque
913 1677 1015 1726 fine,
1039 1682 1086 1718 et
1112 1676 1268 1717 fovent
1294 1676 1447 1717 animo
1477 1681 1618 1724 astus,
1642 1674 1788 1723 dolos,

294 1744 567 1793 inimicitias,
585 1742 702 1791 odia,
721 1739 959 1789 vindititas,
978 1745 1024 1780 et
1047 1738 1176 1793 plura
1197 1738 1372 1788 similia,
1390 1752 1506 1792 quae
1526 1737 1615 1779 illis
1640 1738 1791 1778 insciis

294 1807 554 1848 discindunt
591 1812 638 1847 et
678 1805 901 1846 devorant
938 1803 1155 1844 interiora
1189 1802 1359 1843 mentis
1393 1812 1563 1850 eorum,
1601 1806 1648 1842 et
1686 1800 1791 1841 inde

294 1884 472 1926 quoque
497 1869 713 1911 interiora
738 1867 966 1921 corporis;
999 1865 1086 1906 hoc
1112 1864 1232 1919 quod
1264 1865 1329 1906 ita
1359 1864 1419 1905 sit
1444 1870 1633 1918 apparet
1665 1862 1791 1904 lucu-

295 1934 444 1975 lenter
474 1931 594 1987 apud
631 1930 734 1972 illos
771 1936 876 1984 post
915 1935 1125 1976 mortem,
1161 1927 1343 1981 quando
1377 1927 1424 1967 in
1459 1926 1675 1968 interiora
1711 1938 1792 1966 sua

294 1998 482 2039 veniunt
500 2010 509 2047 ;
531 2002 640 2037 tunc
653 1994 730 2035 illa
740 1992 937 2047 jucunda
948 1992 1084 2032 animi
1096 2003 1250 2032 eorum
1261 1995 1500 2031 vertuntur
1509 1990 1553 2030 in
1565 1989 1793 2030 contraria

296 2061 347 2098 (ut
357 2064 502 2089 constare
512 2062 618 2096 potest
628 2067 668 2087 ex
678 2057 738 2086 illis
749 2065 832 2094 quae
843 2056 876 2084 in
887 2063 983 2092 opere
993 2055 1046 2083 De
1061 2054 1152 2083 Caelo
1162 2056 1194 2082 et
1203 2053 1341 2092 Inferno.
1351 2061 1383 2082 n.
1393 2054 1432 2090 48
1434 2059 1544 2090 5-490,
1556 2057 1683 2081 ostensa
1693 2052 1792 2089 Sunt).

297 2106 432 2161 Quod
463 2120 556 2160 pax
582 2106 641 2146 sit
672 2104 761 2146 illis
787 2104 860 2158 qui
891 2103 936 2143 in
967 2102 1089 2142 bono
1120 2107 1167 2142 et
1197 2101 1302 2142 inde
1326 2101 1444 2142 veris
1475 2105 1595 2149 sunt,
1623 2106 1670 2141 et
1701 2112 1792 2140 non

296 2184 390 2224 pax
407 2169 495 2211 illis
512 2169 586 2223 qui
602 2169 647 2209 in
665 2167 787 2208 malo
804 2172 851 2208 et
873 2165 976 2207 inde
994 2163 1131 2213 falsis,
1149 2169 1361 2205 constare
1382 2169 1539 2218 potest
1556 2176 1583 2204 a
1599 2175 1792 2217 sequen-

297 2233 419 2276 tibus
444 2232 513 2274 his
539 2231 651 2273 locis
667 2229 878 2284 t—Apud
902 2227 1106 2276 Esaiam,

365 2331 387 2343 ‘⁸
399 2327 505 2370 Impii
523 2327 616 2360 sicut
629 2336 728 2358 mare
745 2325 950 2366 impulsum,
967 2322 1112 2364 quando
1126 2322 1310 2364 quiescere
1327 2331 1401 2354 non
1418 2326 1549 2363 potest,
1566 2321 1629 2354 sed
1645 2320 1795 2362 ejiciunt

467 2381 593 2456 ῧεὲιίιίαῖ
595 2371 683 2446 gji?1
686 2378 840 2455 {zaenum
854 2374 889 2400 et
903 2364 1050 2408 lutum[;
1070 2375 1143 2398 non
1160 2374 1241 2407 pax,
1256 2365 1374 2408 inquit
1391 2366 1491 2398 Deus
1508 2375 1621 2404 meus,
1633 2362 1794 2407 impiis]”

550 2439 557 2448 .
619 2439 628 2453 ‚
711 2439 719 2446 .

296 2499 418 2553 apud
444 2497 654 2546 eundem,

366 2582 389 2597 ‘⁸
400 2581 516 2614 Pedes
532 2590 657 2612 eorum
675 2579 721 2613 ad
736 2578 873 2610 malum
890 2582 1048 2614 currunt,
1068 2582 1104 2607 et
1121 2575 1296 2608 festinant
1311 2575 1359 2608 ad
1377 2574 1635 2607 effundendum
1651 2573 1796 2614 sangui-

471 2634 555 2656 nem
572 2624 817 2660 innocentem,
834 2620 1072 2661 cogitationes
1085 2629 1211 2651 eorum
1228 2619 1469 2660 cogitationes
1485 2617 1699 2659 iniquitatis,
1715 2626 1797 2649 vas·

471 2668 561 2700 tatio
578 2673 614 2699 et
630 2664 828 2698 confractio
845 2665 882 2696 in
900 2662 1039 2696 semitis
1052 2670 1199 2702 eorum;
1222 2662 1319 2695 viam
1335 2662 1434 2703 pacis
1447 2671 1522 2693 non
1535 2661 1664 2699 sciunt,
1680 2670 1796 2701 neque

471 2711 645 2753 judicium
669 2710 707 2741 in
727 2709 852 2741 orbitis
872 2716 1011 2744 eorum,
1031 2707 1180 2739 semitas
1198 2716 1284 2739 suas
1299 2711 1553 2747 perverterunt
1571 2705 1653 2743 sibi,
1675 2704 1795 2736 omnis

471 2755 532 2797 qui
549 2755 661 2787 calcat
677 2762 757 2785 eam
774 2761 848 2783 non
866 2750 1053 2792 cognoscit
1069 2759 1193 2791 pacem
1203 2749 1222 2762 ”
1238 2750 1313 2789 (lix.
1331 2757 1361 2789 7,
1378 2749 1431 2791 8):

296 2841 418 2897 apud
443 2841 678 2889 Davidem,

367 2926 389 2940 “
401 2924 561 2957 Nimium
578 2922 754 2955 habitavit
770 2920 838 2953 sibi
856 2920 980 2951 anima
998 2916 1110 2961 [mea]
1129 2928 1209 2951 curn
1224 2928 1330 2950 osore
1347 2918 1467 2959 pacis;
1492 2927 1560 2958 ego
1577 2925 1714 2958 pacem,
1732 2915 1796 2948 s'ed

472 2977 555 3000 cum
571 2967 709 3008 loquor,
731 2965 780 2996 illi
797 2964 843 2996 ad
860 2963 993 2995 bellum
1004 2962 1022 2974 '¹
1038 2962 1112 3002 (Ps.
1128 2971 1206 2995 cxx.
1222 2963 1255 3001 6,
1272 2963 1305 3003 7)
1319 2973 1327 2994 ε
