2008 3360
262 317 355 360 742-
676 316 1008 350 APOCALYPSIS
1039 315 1339 348 EXPLICATA.

262 433 367 469 runt
401 428 564 478 tritica,
598 435 644 470 et
677 429 827 483 spinas
860 434 1143 469 messuerunt
1158 427 1178 444 ‘’
1201 427 1485 482 ‘significatur
1517 426 1636 482 quod
1669 441 1749 481 pro

262 490 392 531 bonis
427 492 519 532 veri
556 492 646 532 sint
683 491 802 532 mala
838 491 965 541 falsi;
1007 490 1232 531 “tritica''
1265 491 1525 531 suntvbona
1560 491 1666 538 veri,
1701 496 1748 531 et

265 553 488 607 “spinae”
513 560 616 595 sunt
643 554 762 594 mala
788 553 898 595 falsi.
959 553 1096 607 Apud
1123 553 1329 602 eundem,

336 642 467 675 Ismael
491 643 550 684 qui
574 643 640 674 fuit
664 643 707 674 de
732 643 869 675 semine
894 642 1006 682 regni,
1030 642 1159 674 occidit
1183 641 1380 680 Gedaliam,
1404 652 1507 683 quem
1532 642 1664 674 fecerat
1688 651 1749 673 rex

438 686 580 718 Babelis
594 685 813 727 praefectum
832 686 867 717 in
886 692 990 724 terra,
1007 692 1041 717 et
1059 695 1185 717 omnes
1197 685 1353 727 Judaeos
1368 686 1425 726 qui
1443 686 1585 716 fuerunt
1599 695 1678 717 cum
1691 695 1747 722 eo.

435 736 470 762 et
480 730 693 767 Chaldaeos,
705 736 779 761 tum
790 730 885 760 viros
894 740 938 760 ex
950 729 1100 767 Sichem,
1113 739 1157 760 ex
1166 729 1347 760 Schilunte
1358 735 1393 760 et
1405 729 1564 760 Samaria
1576 740 1582 761 :
1601 729 1749 760 “decem

436 779 557 806 tamen
577 774 644 805 viri
669 773 806 804 inventi
826 780 910 804 sunt
934 773 1027 804 inter
1046 782 1119 811 eos,
1143 772 1201 813 qui
1221 773 1386 804 dixerunt
1405 773 1449 804 ad
1471 772 1671 809 Ismaelem,
1697 771 1750 803 Ne

435 817 577 848 occidas
595 827 673 854 nos,
694 817 777 857 quia
794 822 878 848 sunt
895 816 1000 847 nobis
1018 816 1227 847 abscondita
1244 816 1280 847 in
1297 826 1395 856 agr0,
1416 816 1533 847 tritica
1549 821 1584 847 et
1600 815 1746 851 hordea.

435 866 470 892 et
487 860 605 892 oleum
623 867 658 891 et
675 861 744 891 mel
761 870 767 897 ;
794 860 873 891 ideo
891 859 1012 891 omisit
1029 869 1091 891 eos
1110 869 1174 891 nec
1190 859 1345 891 occidit''
1364 859 1435 899 (xli.
1455 859 1548 899 1-8):

262 961 340 1001 per
370 947 481 989 haec
519 948 733 989 historica
769 949 812 988 in
845 962 978 989 sensu
1010 949 1188 989 interno
1219 948 1485 989 describitur
1516 948 1749 989 damnatio

264 1024 418 1052 eorum
440 1012 513 1064 qui
536 1011 773 1065 profanant
801 1009 958 1052 saneta
978 1025 986 1061 ;
1031 1025 1108 1064 per
1133 1010 1437 1052 “Gedaliam'’
1459 1011 1591 1059 enim,
1616 1024 1748 1064 quem

262 1087 343 1114 rex
372 1073 550 1114 Babelis
578 1073 849 1127 praefectum
877 1074 980 1114 fecit
1007 1075 1050 1114 in
1078 1080 1211 1121 terra,
1240 1080 1285 1114 et
1313 1088 1390 1127 per
1418 1073 1649 1126 “Judaeos
1676 1074 1749 1127 qui

262 1136 439 1177 fuerunt
462 1150 562 1177 cum
580 1137 674 1185 eo,”
691 1150 741 1177 ac
766 1151 844 1190 per
864 1141 887 1156 ‘⁴
903 1136 1196 1184 Chaldae0s‚”
1218 1137 1371 1177 “viros
1394 1151 1452 1177 ex
1476 1135 1748 1183 Sichem,·ex

262 1197 496 1240 Schilunte
514 1206 559 1240 et
579 1199 818 1247 Samaria‚‘'
837 1199 1151 1252 intelliguntur
1173 1199 1235 1239 illi
1258 1201 1330 1253 qui
1358 1199 1610 1252 profanant,
1631 1212 1681 1239 ac
1705 1199 1749 1239 in

261 1274 394 1302 sensu
431 1261 661 1303 abstracto
698 1263 842 1302 omnis
879 1263 1056 1315 generis
1094 1262 1443 1316 profanationes,
1485 1275 1587 1302 nam
1629 1265 1748 1302 “rex

262 1323 474 1365 Babelis”
503 1324 725 1378 significat
758 1325 1117 1378 profanationem
1148 1325 1253 1366 boni
1285 1332 1330 1366 et
1363 1325 1480 1375 veri;
1517 1324 1750 1364 damnatio

261 1400 415 1428 eorum
453 1387 729 1441 significatur
766 1402 844 1442 per
881 1388 1000 1442 quod
1041 1389 1217 1430 “occisi
1255 1388 1385 1436 sint,''
1418 1401 1495 1441 per
1531 1387 1715 1428 “occidi
1729 1386 1749 1402 ''

262 1448 383 1488 enim
400 1448 681 1502 significatur
695 1449 992 1502 spiritualiter
1007 1449 1151 1490 occidi
1169 1459 1326 1497 (videatur
1339 1469 1368 1489 n.
1385 1458 1481 1501 315)
1499 1463 1508 1497 ;
1535 1462 1614 1502 per
1631 1453 1656 1469 ‘⁴
1669 1448 1749 1489 de-

263 1523 361 1550 cem
373 1509 392 1524 ‘'
407 1517 559 1551 autem
578 1514 602 1530 “
616 1510 774 1559 viros,''
789 1511 861 1564 qui
877 1511 1088 1552 dixerunt
1105 1511 1161 1551 ad
1178 1511 1431 1559 Ismaelem,
1448 1510 1554 1551 “Ne
1570 1510 1750 1551 occidas

263 1586 358 1621 nos,
383 1574 485 1626 quia
511 1580 614 1614 sunt
642 1574 770 1614 nobis
796 1574 1066 1614 abscondita
1091 1575 1135 1614 in
1162 1587 1285 1627 agro,
1315 1575 1465 1614 tritica
1491 1580 1536 1614 et
1563 1572 1747 1621 hordea,

263 1641 308 1676 et
347 1635 495 1676 oleum
534 1643 580 1677 et
618 1636 746 1686 mel,''
778 1636 1093 1690 intelliguntur
1125 1636 1188 1677 illi
1221 1637 1293 1690 qui
1332 1650 1421 1677 non
1459 1637 1749 1690 profanarunt

263 1696 420 1739 sancta
445 1699 678 1748 ecclesiae,
707 1700 808 1753 quia
834 1699 920 1740 illis
950 1699 1116 1740 bonum
1143 1705 1188 1740 et
1215 1713 1368 1740 verum
1400 1700 1520 1740 intus
1547 1706 1643 1749 est;
1677 1700 1750 1753 qui

263 1761 381 1801 enim
408 1761 661 1815 profanant,
686 1762 771 1802 illis
799 1761 907 1802 nihil
933 1762 1039 1803 boni
1065 1768 1110 1803 et
1135 1763 1227 1803 veri
1253 1763 1372 1802 intus
1399 1768 1483 1810 est,
1508 1762 1587 1802 sed
1614 1761 1750 1802 modo

263 1829 396 1864 extra
418 1837 519 1864 cum
547 1823 788 1878 loquuntur
814 1831 860 1865 et
886 1825 1149 1878 praedicant
1170 1838 1179 1875 ;
1212 1830 1259 1865 at
1286 1824 1372 1865 illis
1394 1825 1467 1878 qui
1490 1837 1580 1867 non
1603 1824 1749 1877 profa-

264 1892 374 1927 nant
401 1893 470 1927 est
497 1887 663 1927 bonum
690 1894 735 1928 et
762 1900 915 1928 verum
942 1888 1086 1928 intus:
1121 1887 1206 1928 hoc
1233 1883 1502 1940 intelligitur
1528 1901 1605 1940 per
1631 1886 1750 1940 quod

263 1949 462 1990 dixerint
477 1953 612 1990 “esse
630 1950 715 1990 illis
734 1950 1002 1991 abscondita
1019 1951 1062 1991 in
1081 1964 1204 2004 agro,
1218 1951 1381 1999 tritica,
1399 1950 1583 1998 hordea,
1601 1940 1749 1990 oleum

263 2018 310 2052 et
342 2012 429 2053 mel
449 2012 482 2063 ;”
515 2027 592 2066 per
621 2013 842 2054 “tritica'‘
868 2019 914 2054 et
944 2013 1155 2054 “hordea
1169 2013 1188 2029 ‘'
1215 2012 1523 2066 significantur
1554 2013 1673 2053 bona
1704 2019 1750 2053 et

262 2088 369 2115 vera
383 2076 562 2115 externi
577 2074 783 2124 hominis,
798 2090 875 2129 per
890 2079 915 2096 “
927 2075 1076 2117 oleum
1087 2075 1107 2091 ”
1119 2075 1395 2129 significatur
1406 2075 1572 2116 bonum
1588 2075 1751 2116 interni

265 2137 474 2187 hominis,
499 2145 545 2179 et
573 2152 650 2192 per
679 2139 836 2179 “mel”
862 2139 954 2192 ejus
976 2139 1247 2193 jucundum;
1281 2154 1359 2193 per
1384 2140 1577 2180 “decem
1601 2140 1719 2180 viros
1731 2138 1751 2154 ”

264 2200 575 2253 significantur
597 2215 753 2242 omnes
776 2201 838 2242 illi
861 2204 934 2256 qui
957 2202 1072 2243 tales
1095 2208 1213 2251 sunt,
1238 2215 1342 2242 nam
1364 2201 1590 2242 “decem'’
1612 2202 1751 2255 signi·-

264 2262 401 2304 ficant
434 2265 590 2304 omnes
627 2271 672 2305 et
711 2266 885 2306 omnia:
929 2280 1007 2319 per
1037 2266 1156 2319 quod
1191 2266 1427 2306 “omiserit
1465 2279 1542 2305 eos
1579 2270 1625 2305 et
1661 2277 1751 2305 non

265 2326 513 2367 occiderit’'
539 2326 816 2379 significatur
842 2329 959 2381 quod
988 2342 1077 2369 non
1104 2328 1288 2381 profani,
1314 2329 1376 2368 ita
1403 2341 1493 2367 non
1520 2327 1749 2367 damnati:

265 2403 344 2442 per
370 2389 609 2429 Ismaelem
635 2397 1034 2443 repraesentantur
1059 2392 1131 2444 qui
1163 2391 1207 2431 in
1233 2391 1437 2443 genuinis
1463 2391 1578 2430 veris
1605 2389 1751 2430 eccle-

266 2452 357 2492 siae
379 2457 498 2500 sunt,
523 2452 642 2505 quod
666 2454 803 2492 etiam
827 2453 1103 2506 significatur
1125 2467 1202 2506 per
1227 2457 1251 2473 “
1267 2466 1418 2493 semen
1443 2453 1569 2506 regni
1581 2452 1600 2467 '²
1618 2466 1642 2493 e
1664 2466 1752 2506 quo

266 2520 376 2554 erat.
449 2514 579 2554 Talia
615 2514 852 2556 involvunt
893 2515 1004 2556 haec
1046 2515 1273 2564 historica,
1313 2528 1416 2555 nam
1453 2515 1669 2555 historica
1707 2515 1752 2555 in

265 2575 421 2617 Verbo
446 2590 586 2630 aeque
612 2577 782 2618 habent
809 2592 990 2619 sensum
1015 2579 1241 2619 internum
1267 2591 1317 2619 ac
1345 2577 1623 2631 prophetica.

349 2639 429 2694 [6.]
472 2640 612 2693 Apud
636 2641 805 2690 Mosen,

334 2727 531 2771 “Jehovah
553 2728 649 2759 Deus
669 2734 749 2760 tuus
769 2729 947 2761 deducens
965 2735 999 2761 te
1019 2730 1064 2761 ad
1089 2735 1219 2761 terram
1243 2730 1389 2767 bonam,
1412 2735 1542 2761 terram
1562 2729 1751 2761 fluviorum

440 2781 563 2812 aquae,
580 2772 733 2803 fontium
749 2779 783 2803 et
796 2773 1009 2813 abyssorum
1024 2773 1229 2804 exeuntium
1243 2783 1262 2804 e
1275 2773 1366 2804 valle
1384 2778 1418 2803 et
1435 2782 1454 2804 e
1471 2778 1604 2810 monte,
1621 2779 1752 2804 terram

438 2815 545 2846 tritici
562 2821 597 2846 et
613 2815 748 2852 hordei,
768 2821 803 2847 et
819 2816 902 2847 vitis
919 2822 954 2848 et
971 2817 1066 2854 ficus,
1083 2822 1117 2848 et
1133 2816 1382 2857 malogranati,
1399 2822 1531 2859 terram
1549 2816 1667 2847 olivae
1683 2816 1752 2848 olei

439 2864 476 2890 et
491 2858 607 2890 mellis
618 2858 635 2870 '’
653 2858 787 2899 (Deutr.
802 2859 874 2891 viii.
891 2867 919 2898 7,
936 2861 986 2900 8):
1432 2860 1434 2863 ’

266 2946 533 2988 describitur
559 2946 622 2987 ita
649 2952 768 2987 terra
798 2945 981 2988 Canaan
1013 2948 1056 2988 in
1083 2961 1215 2989 sensu
1241 2947 1434 2996 litterae,
1463 2954 1509 2988 at
1542 2948 1584 2988 in
1616 2960 1748 2988 sensu
