2008 3360
262 235 346 287 758
677 240 1010 274 APOCALYPSIS
1040 239 1340 272 EXPLICATA.

330 355 354 370 “
365 353 464 387 Dixit
482 354 597 386 David
614 354 659 386 ad
676 353 919 391 Abischaium,
941 352 995 385 Ne
1012 352 1120 393 perde
1137 361 1230 390 eum,
1251 362 1335 386 nam
1353 352 1431 394 quis
1451 352 1589 392 miserit
1605 362 1752 396 manum

437 398 473 429 in
490 396 637 430 unctum
653 397 824 440 Jehovae,
844 403 879 429 et
896 397 1069 428 innocens
1087 396 1132 428 sit
1141 395 1176 429 Υ·
1193 396 1302 435 (xxvi.
1321 394 1370 437 9.)

262 488 316 531 In
341 487 477 530 Libro
503 486 696 531 Secundo
722 485 956 540 Samuelis,

329 570 428 603 Dixit
445 569 562 602 David
574 570 619 601 ad
635 569 734 601 illum
752 569 811 610 qui
824 568 912 600 dixit
925 578 964 599 se
981 568 1153 600 occidisse
1170 567 1323 606 Saulem,
1345 558 1369 583 ἃ·
1381 568 1533 609 Sanguis
1550 574 1631 600 tuus
1648 577 1756 609 super

436 613 551 654 capite
568 619 640 650 tuo,
657 612 739 654 quia
755 611 886 650 dixisti,
904 611 1025 643 Occidi
1042 609 1188 643 mustum
1203 609 1391 654 Jehovae’'
1408 612 1443 652 (i.
1463 612 1536 652 16);

262 696 310 733 et
336 689 456 738 alibi,

332 767 354 781 ‘⁶
366 765 465 797 Dixit
478 765 659 802 Abischai,
671 790 678 797 .
693 790 700 796 .
714 790 722 797 .
732 764 825 796 Num
841 770 986 805 propter
998 764 1065 796 hoc
1082 773 1155 795 non
1169 764 1348 796 occidetur
1361 763 1526 802 Schimei,
1541 764 1635 806 quod
1643 764 1755 796 ‘male-

437 809 526 841 dixit
539 807 647 840 unc‘to
658 808 816 850 Jehovae
826 810 839 840 Ρ
850 807 867 819 ”
879 808 962 847 (xix.
975 815 1015 838 22
1029 805 1089 849 [B.
1102 808 1148 839 Α.
1162 805 1249 850 21].)
1273 807 1391 849 (Quod
1403 808 1555 839 Schimei
1567 808 1647 839 ideo
1657 808 1755 839 Salo-

422 853 554 884 'monis
570 852 672 892 jussu
689 849 897 883 interfectus
910 851 967 889 sit,
987 851 1148 882 videatur
1165 849 1215 882 [¹11
1234 851 1316 893 Reg.
1333 851 1367 884 ii.
1385 851 1427 891 36
1439 851 1484 883 ad
1498 851 1635 891 finem.)

347 950 462 1006 (vii.)
507 951 636 1002 Quod
658 965 741 992 usu
764 950 984 991 communi
1005 956 1223 1003 receptum
1241 950 1395 1003 suerit
1417 956 1553 992 semet
1573 957 1616 992 et
1638 950 1754 993 alios

264 1026 427 1066 ungere
455 1013 521 1054 ad
550 1012 871 1066 testificandum
902 1011 1045 1052 animi
1075 1011 1292 1053 laetitiam
1321 1025 1373 1052 ac
1402 1011 1752 1062 benevolentiam,

264 1082 448 1118 constat
471 1090 497 1117 a
522 1076 814 1130 sequentibus
841 1075 909 1115 his
932 1075 1042 1116 locis
1059 1074 1268 1130 z—Apud
1294 1074 1449 1124 Amos,

333 1171 436 1214 “Qui
460 1172 586 1203 bibunt
609 1181 653 1202 ex
677 1171 818 1212 scyphis
842 1170 927 1207 vini.
954 1176 990 1202 et
1013 1180 1058 1202 ex
1081 1170 1245 1212 primitiis
1269 1171 1428 1205 oleorum
1453 1181 1492 1204 se
1516 1178 1666 1212 ungunt.
1693 1171 1756 1204 sed

439 1225 546 1256 super
561 1213 804 1246 confractione
820 1213 969 1256 josephi
987 1223 1059 1245 non
1076 1213 1277 1246 afficiuntur
1292 1213 1444 1246 dolore’'
1461 1213 1522 1256 (vi.
1538 1215 1593 1256 6):

265 1298 385 1353 apud
410 1297 620 1346 M'clzam,

446 1367 451 1372 ⁴
509 1374 531 1388 ‘⁶
543 1372 707 1405 Calcabis
724 1373 868 1410 olivam.
888 1373 951 1404 sed
969 1382 1041 1404 non
1058 1382 1172 1413 unges
1191 1378 1226 1404 te
1242 1372 1322 1404 oleo
1334 1371 1352 1385 '⁹
1369 1372 1429 1414 (vi.
1448 1372 1522 1414 15);

267 1446 349 1513 pro
376 1471 467 1499 non
493 1457 748 1498 laetaberis.
810 1456 949 1511 Apud
973 1455 1142 1506 Mosen,
1526 1508 1534 1516 .

335 1539 477 1572 “Oleae
494 1545 597 1571 erunt
616 1539 678 1571 tibi
702 1539 738 1570 in
756 1539 854 1570 omni
874 1539 1027 1571 termino
1043 1544 1119 1577 tuo,
1137 1538 1200 1572 sed
1219 1538 1300 1571 oleo
1320 1548 1392 1571 non
1410 1548 1523 1580 unges
1537 1544 1570 1570 te
1581 1537 1599 1550 '’
1616 1536 1754 1576 (Deutr.

440 1583 561 1616 xxviii.
576 1583 632 1622 40)
646 1592 653 1621 ς

267 1665 487 1707 similiter.
549 1665 687 1719 Apud
713 1664 918 1715 Esaiam,

335 1749 358 1763 “
369 1747 425 1780 Ad
442 1747 598 1780 dandum
615 1748 684 1779 illis
702 1748 846 1780 cidarim
864 1756 929 1789 pro
944 1748 1073 1786 cinere,
1093 1747 1210 1780 oleum
1223 1748 1344 1789 gaudii
1361 1757 1425 1789 pro
1442 1745 1571 1780 1u<stu⁹¹
1587 1746 1660 1788 (lxi.
1676 1747 1730 1787 3):

266 1836 386 1891 apud
410 1836 644 1886 Davidem,

335 1913 358 1927 “
371 1911 483 1987 Uniiilt
506 1918 556 1998 tei).
571 1937 579 1944 .
592 1936 600 1945 .
614 1912 729 1944 ‚Deus
746 1918 827 1944 tuus
843 1912 924 1945 oleo
948 1912 1103 1945 laetitiae
1120 1922 1204 1954 prae
1220 1912 1326 1944 sociis
1351 1911 1420 1944 tuis
1431 1910 1450 1924 ”
1467 1911 1541 1953 (Ps.
1561 1911 1639 1959 XIV.¹
1652 1911 1671 1944 8
1693 1909 1754 1955 [B.

479 1980 487 1988 .
505 1963 522 1994 7
566 1966 573 1988 :

266 2031 386 2086 apud
411 2031 620 2081 eundem,

335 2108 358 2123 “
369 2107 550 2139 Exaltabis
563 2108 653 2139 sicut
666 2109 905 2140 monocerotis
923 2118 1035 2140 cornu
1051 2117 1182 2147 meum,
1199 2117 1454 2140 consenescam
1471 2107 1508 2139 in
1526 2107 1606 2140 oleo
1622 2107 1726 2139 viridi
1738 2105 1758 2120 ’⁹

440 2151 513 2191 (Ps.
531 2151 610 2183 xcii.
630 2160 666 2182 11
687 2149 748 2194 [B.
761 2153 808 2184 A.
828 2150 918 2194 1o]):

266 2228 385 2282 apud
411 2227 620 2277 eundem,

335 2303 501 2387 “Vinu11)1
518 2303 683 2336 laetificat
707 2313 767 2336 cor
783 2292 951 2343 hominis,
970 2303 1016 2336 ad
1039 2303 1309 2336 exhilarandum
1333 2302 1442 2335 facies
1467 2301 1577 2334 ole0”
1593 2302 1667 2343 (Ps.
1687 2302 1754 2335 civ.

444 2355 481 2386 15
510 2357 518 2380 :

266 2424 385 2478 apud
410 2423 589 2474 Lucam,

330 2497 436 2542 Jesus
452 2499 498 2531 ad
515 2499 710 2538 Simonem,
734 2499 958 2540 “Ingressus
974 2510 1054 2532 sum
1071 2499 1107 2531 in
1123 2499 1270 2531 domum
1288 2504 1396 2537 tuam,
1407 2523 1415 2530 .
1430 2523 1437 2530 .
1451 2523 1458 2530 .
1474 2504 1524 2530 ‚et
1547 2498 1628 2530 oleo
1652 2505 1758 2539 caput

440 2552 559 2575 meum
585 2553 658 2574 non
682 2544 835 2582 unxisti;
860 2545 947 2576 haec
962 2553 1049 2576 vero
1073 2548 1256 2584 unguento
1274 2542 1378 2574 unxit
1400 2542 1510 2583 pedes
1534 2541 1664 2575 meos''
1680 2541 1754 2582 (vii.

442 2584 531 2628 [442]
549 2587 616 2627 46)-

267 2669 406 2723 Apud
429 2668 722 2718 Mamaeum,

335 2746 358 2760 ‘⁴
369 2745 425 2777 Tu
441 2745 583 2787 quando
595 2744 748 2786 jejunas,
764 2755 858 2786 unge
871 2752 976 2787 caput
989 2752 1100 2784 tuum,
1116 2751 1152 2778 et
1167 2745 1294 2778 faciem
1307 2737 1404 2776 tuam
1418 2744 1509 2782 lava,
1526 2754 1571 2776 ne
1584 2750 1756 2786 appareas
1798 2747 1807 2755 ”

439 2788 645 2823 hominibus
660 2789 823 2830 jejunare
834 2789 851 2802 ''
869 2790 927 2830 (vi.
945 2788 1014 2832 17[,
1031 2788 1120 2831 18]):

269 2881 532 2937 “jejunare‘’
559 2882 782 2936 significat
816 2882 984 2937 lugere,
1013 2884 1223 2938 quoniam
1251 2884 1294 2924 in
1326 2881 1446 2924 luem
1473 2881 1752 2936 jejunabant,
