2008 3360
230 266 316 311 754
644 264 976 299 APOCALvPffls
1007 263 1308 297 EXPLICATA.

233 378 345 416 Ipsius,
361 387 392 408 n.
408 379 504 416 98093
527 377 616 415 quod
630 381 731 407 vestes
752 377 910 408 Aharonis
932 380 962 406 et
984 376 1120 406 filiorum
1135 376 1202 414 ejus
1223 373 1524 414 repraesentaverint
1539 374 1721 414 spiritualia.

231 437 263 458 n.
282 430 372 466 9814,
389 425 512 466 [¹19942,
529 426 670 466 [²19952-)
728 416 847 469 Quia
872 416 1162 468 inauguratio
1192 415 1250 456 ad
1279 414 1721 469 repraesentandum

232 477 369 520 fiebat
400 492 480 532 per
510 477 783 526 unetionem,
817 484 863 518 et
895 491 974 531 per
1005 475 1271 518 Aharonem
1303 483 1350 518 et
1382 475 1495 517 filios
1527 475 1620 529 ejus
1651 490 1721 517 re-

232 542 609 595 praesentabatur
632 541 852 581 Dominus
875 546 920 581 et
943 539 1063 593 quod
1090 539 1148 580 ab
1173 539 1294 592 Ipso,
1319 538 1421 580 ideo
1444 538 1650 579 Aharoni
1674 545 1721 579 et

233 603 332 644 filiis
355 603 447 656 ejus
465 604 691 644 dabantur
712 601 868 644 saneta
890 602 1080 643 filiorum
1097 601 1290 650 Israelis,
1313 614 1427 655 quae
1450 607 1578 642 erant
1602 601 1722 642 dona

233 667 343 707 data
362 666 578 719 Jehovae,
602 673 648 707 et
671 666 951 707 vocabantur
970 668 995 685 “
1009 664 1329 714 sublationes,'‘
1351 670 1398 705 et
1421 664 1583 705 dicitur
1600 664 1720 718 quod

234 730 324 770 sint
345 733 369 749 “
383 727 564 770 unetio''
582 734 659 769 aut
680 732 798 782 “pro
816 726 1065 776 un&ione,'’
1083 726 1169 768 hoc
1189 733 1273 775 est,
1293 726 1413 781 quod
1434 727 1523 767 sint
1541 740 1720 780 reprae-

234 792 433 833 sentatio
464 798 541 832 aut
579 805 659 845 pro
690 791 1109 844 repraesentatione
1147 789 1328 830 Domini
1365 803 1416 831 ac
1455 789 1720 830 Divinorum

233 868 347 909 quae
373 854 430 894 ab
457 854 586 908 Ipso;
620 860 668 895 ut
695 859 877 894 constat
905 867 963 894 ex
990 852 1059 893 his
1084 852 1203 907 apud
1227 852 1394 901 Mosen,

302 951 324 964 “
337 948 465 982 Pedtus
483 950 721 981 motitationis
738 956 773 981 et
789 958 928 980 armum
946 948 1161 980 sublationis
1177 948 1297 988 accepi
1316 958 1338 979 a
1361 957 1440 980 cum
1458 947 1541 980 filiis
1561 947 1718 985 Israelis,

413 1018 420 1025 .
435 1018 442 1025 .
456 1018 463 1025 .
479 994 581 1025 .haec
598 992 720 1025 und'tio
738 992 919 1024 Aharonis
936 998 972 1024 et
991 990 1114 1024 undtio
1131 991 1285 1023 filiorum
1308 991 1388 1032 ejus
1412 991 1456 1023 de
1477 991 1599 1031 ignitis
1615 991 1722 1033 Jeho-

407 1047 484 1075 vae,
496 1062 503 1068 .
518 1062 525 1068 .
540 1047 645 1077 ,quae
656 1035 874 1077 [³]praecepit
887 1036 972 1067 dare
990 1035 1072 1074 illis,
1084 1045 1155 1077 quo
1169 1035 1226 1067 die
1239 1040 1392 1067 unxerat
1409 1035 1490 1067 illos
1504 1045 1526 1066 a
1542 1044 1622 1066 cum
1640 1034 1721 1066 filiis

411 1080 555 1112 Israelis
569 1080 586 1092 ’'
603 1079 724 1120 (Levit.
741 1080 801 1111 vii.
816 1080 939 1120 34-36)
952 1089 959 1118 ;

233 1141 280 1208 et
307 1166 412 1208 alibi
438 1167 556 1221 apud
583 1167 790 1215 eundern,

302 1249 325 1263 ‘⁸
336 1247 491 1280 Locutu's
509 1254 564 1280 est
579 1248 740 1290 Jehovah
758 1249 802 1280 ad
817 1248 1036 1286 Aharonem‚
1055 1247 1145 1280 Ecce
1156 1248 1237 1280 dedi
1255 1248 1318 1280 tibi
1336 1248 1534 1280 custodiam
1551 1247 1721 1280 sublatio-

408 1302 492 1323 num
518 1302 676 1323 mearum
702 1292 818 1333 quoad
842 1292 966 1323 omnia
982 1290 1110 1323 saneta
1132 1291 1286 1323 filiorum
1307 1291 1463 1330 Israelis,
1484 1291 1548 1323 tibi
1572 1291 1654 1323 dedi
1678 1301 1721 1323 ea

407 1345 472 1376 pro
497 1335 665 1367 unctione
690 1342 724 1367 et
748 1335 830 1367 filiis
855 1335 936 1374 tuis,
959 1335 996 1367 in
1021 1341 1192 1367 statutum
1218 1335 1389 1373 saeculi;.
1404 1359 1432 1367 ..
1448 1345 1569 1367 .omne
1591 1344 1720 1366 munus

407 1389 530 1410 eorum
555 1380 672 1420 quoad
697 1389 840 1410 omnem
865 1379 1047 1411 mincham
1071 1388 1207 1416 eorum,
1235 1379 1352 1420 quoad
1376 1388 1484 1410 omne
1508 1378 1719 1410 sacrificium

409 1423 543 1463 peccati
569 1428 603 1454 et
631 1429 998 1460 reatus‚....omnem
1023 1422 1260 1463 agitationem
1291 1421 1444 1453 filiorum
1476 1421 1618 1454 Israelis
1622 1446 1715 1460 .....

408 1475 552 1497 omnem
577 1466 718 1506 adipem
743 1466 813 1497 olei
838 1466 927 1507 puri.
955 1472 990 1498 et
1014 1475 1158 1497 omnem
1182 1465 1324 1506 adipem
1349 1466 1460 1498 musti
1477 1471 1512 1498 et
1535 1465 1717 1502 frumenti,

407 1510 584 1550 primitias
597 1519 721 1540 eorum
739 1519 828 1550 quas
842 1510 978 1541 dabunt
990 1509 1160 1551 Jehovae,
1178 1509 1241 1540 tibi
1254 1509 1336 1540 dedi
1350 1519 1411 1540 eas
1427 1518 1450 1546 ;.
1465 1534 1472 1541 .
1487 1534 1494 1542 .
1509 1515 1598 1541 .tum
1613 1518 1721 1540 omne

406 1553 575 1584 devotum
589 1553 626 1584 in
641 1553 783 1590 Israele,
795 1578 802 1585 .
818 1578 824 1585 .
839 1563 999 1586 ,omnem
1011 1559 1215 1594 aperturam
1226 1553 1329 1590 uteri,
1340 1577 1347 1584 .
1363 1578 1370 1584 .
1384 1577 1391 1584 .
1406 1553 1472 1584 ,ita
1482 1562 1627 1584 omnem
1640 1553 1721 1584 sub—

407 1596 577 1628 lationem
590 1595 808 1629 san-storum.
849 1621 856 1628 .
872 1621 879 1628 .
893 1621 901 1629 .
915 1621 922 1629 .
933 1596 974 1628 In
986 1602 1082 1628 terra
1091 1605 1215 1628 eorum
1227 1606 1300 1628 non
1313 1596 1461 1627 habebis
1470 1596 1717 1634 hereditatem,

407 1649 472 1671 nec
493 1650 576 1680 pars
593 1640 656 1671 tibi
674 1640 740 1671 erit
757 1640 792 1671 in
811 1640 929 1671 medio
946 1650 1070 1672 eorum
1085 1649 1092 1676 :
1119 1639 1195 1680 Ego
1213 1649 1295 1680 pars
1312 1645 1373 1671 tua
1397 1646 1432 1671 et
1455 1639 1635 1671 hereditas
1659 1646 1722 1672 tua

407 1683 443 1714 in
461 1683 580 1714 medio
598 1684 749 1715 filiorum
771 1683 942 1715 Israelis'¹
960 1684 1084 1723 (Num.
1102 1681 1235 1715 [⁴Jxviii.
1252 1684 1369 1723 8—2o):

232 1792 292 1820 ex
315 1778 384 1819 his
409 1785 592 1819 constat
616 1779 734 1832 quod
758 1777 909 1819 unffio
931 1779 989 1819 sit
1011 1779 1384 1832 repraesentatio,
1404 1778 1616 1832 quoniam
1641 1791 1720 1832 per

235 1839 493 1882 unfitionem
526 1841 909 1894 inaugurabantur
940 1841 996 1882 ad
1028 1841 1487 1895 repraesentandum;
1521 1847 1566 1882 et
1598 1841 1718 1895 quod

232 1918 312 1959 per
333 1904 376 1944 id
404 1903 704 1957 significatum
732 1905 789 1944 sit
816 1904 935 1958 quod
964 1905 1109 1945 omnis
1134 1904 1419 1957 inauguratio
1445 1904 1488 1945 in
1512 1902 1718 1947 sanetum

232 1966 347 2008 caeli
373 1973 419 2007 et
452 1966 670 2007 ecclesiae
702 1967 759 2007 sit
793 1981 870 2020 per
901 1967 1068 2008 bonum
1100 1967 1264 2007 amoris
1296 1966 1416 2020 quod
1447 1980 1473 2006 a
1505 1966 1716 2015 Domino,

232 2037 278 2072 et
311 2030 431 2084 quod
464 2030 631 2069 bonum
663 2030 827 2069 amoris
859 2030 916 2070 sit
950 2029 1171 2070 Dominus
1203 2029 1322 2082 apud
1354 2028 1482 2079 illos;
1520 2030 1623 2083 quia
1654 2030 1718 2070 ita

231 2100 316 2142 est,
345 2093 521 2140 dicitur,
550 2092 669 2145 quod
698 2092 938 2144 “Jehovah
965 2093 1023 2133 sit
1050 2105 1152 2146 pars
1178 2097 1224 2132 et
1251 2091 1480 2132 hereditas
1506 2091 1638 2144 ejus.’'

319 2161 400 2216 (v.)
451 2161 579 2213 Quod
603 2162 813 2203 unxerint
835 2162 968 2203 etiam
991 2161 1250 2215 prophetas,
1279 2167 1461 2202 constat
1494 2175 1553 2202 ex
1579 2161 1718 2203 Libro

229 2225 388 2266 Primo
411 2225 593 2278 Regum,

299 2321 396 2353 Dixit
413 2321 575 2363 Jehovah
595 2321 639 2352 ad
666 2321 791 2359 Eliam,
817 2323 839 2336 “
854 2321 959 2361 Unge
980 2320 1190 2353 Chasaelem
1215 2320 1251 2351 in
1274 2330 1394 2360 regem
1411 2316 1522 2360 ⁵super
1541 2320 1661 2361 Syros,
1682 2326 1718 2353 et

404 2364 511 2406 Jehu.
525 2389 532 2396 .
547 2374 656 2404 ,unge
673 2364 709 2395 in
728 2375 847 2405 regem
865 2375 972 2405 super
987 2364 1167 2402 Israelem,
1181 2370 1217 2396 et
1235 2363 1427 2395 Elischam.
1441 2388 1449 2396 .
1463 2373 1572 2404 .unge
1587 2364 1621 2395 in
1636 2374 1718 2406 pro-

405 2409 548 2448 phetam
566 2418 630 2448 pro
647 2414 681 2439 te
693 2407 710 2420 ’'
728 2408 811 2448 (xix.
831 2416 882 2447 15,
906 2408 978 2448 16);

229 2501 277 2536 et
302 2494 421 2548 apud
446 2493 648 2543 Esaiam,

298 2576 481 2617 “Spiritus
503 2575 648 2607 Domini
666 2575 819 2617 Jehovih
844 2586 950 2617 super
967 2586 1035 2614 me,
1057 2576 1136 2608 ideo
1158 2576 1260 2608 unxit
1277 2575 1440 2618 Jehovah
1460 2585 1517 2607 me
1540 2576 1585 2608 ad
1609 2586 1716 2608 evan-

403 2619 626 2659 gelizandum
645 2620 858 2659 pauperibus
870 2620 888 2632 ''
906 2620 978 2660 (lxi.
998 2620 1039 2660 Ι).

174 2735 177 2736 ’
230 2714 363 2768 Quod
404 2719 681 2766 ungerentur
713 2714 978 2767 prophetae,
1013 2721 1110 2755 erat
1146 2727 1280 2755 causa
1320 2715 1422 2768 quia
1462 2714 1714 2768 prophetae

227 2776 634 2831 repraesentabant
667 2776 911 2818 Dominum
943 2778 1091 2831 quoad
1123 2775 1374 2818 d0&rinam
1406 2777 1555 2818 Divini
1588 2777 1710 2825 Veri,

228 2839 414 2893 proinde
445 2839 594 2893 quoad
620 2838 836 2889 Verbum,
870 2853 974 2881 nam
1002 2839 1203 2882 Verbum·
1229 2846 1298 2881 est
1324 2838 1528 2880 doetrina
1560 2839 1711 2880 Divini

229 2900 352 2941 Veri.
411 2910 523 2950 (Quod
541 2910 715 2948 prophetae
735 2910 912 2940 doetrinam
933 2921 950 2941 e
965 2913 1073 2942 Verbo
1093 2911 1393 2950 repraesentaverint
1414 2915 1445 2940 et
1463 2911 1537 2940 inde
1556 2911 1714 2949 significa-
