2008 3360
264 354 350 398 712
680 354 1014 388 APOCALYPSIS
1045 354 1347 387 EXPLICATA.

341 465 446 509 Jesus
462 467 551 498 dixit
573 467 618 498 ad
637 467 863 508 septuaginta
887 476 976 507 quos
992 466 1123 504 emisit,
1141 467 1164 480 ‘⁴
1176 465 1218 498 In
1235 476 1342 507 quam
1358 466 1503 498 domum
1523 465 1752 504 intraveritis,

442 511 594 551 primum
618 510 733 548 dicite,
763 511 836 542 Pax
859 510 980 541 domui
1008 510 1108 546 huic;
1141 515 1176 541 et
1199 510 1230 541 si
1253 510 1394 551 quidem
1418 510 1523 541 fuerit
1552 507 1632 551 [ibi]
1662 508 1754 541 filius

443 554 551 594 pacis,
564 554 758 594 requiescet
771 553 947 594 superillo
960 563 1028 594 pax
1041 559 1159 584 vestra
1172 562 1180 591 ;
1199 553 1231 585 si
1244 562 1331 584 vero
1342 563 1426 591 non,
1441 563 1547 594 super
1559 562 1624 584 vos
1638 561 1757 584 rever-

443 603 536 628 tetur
546 596 564 608 ”
581 596 627 636 (x.
643 604 672 636 5,
689 597 742 637 6):

270 678 317 714 et
342 672 460 726 apud
480 671 775 720 Matthaeum,

339 747 362 760 ⁸¹
374 744 620 786 Ingredientes
634 745 669 776 in
681 745 837 782 domum,
852 745 1005 776 salutate
1017 754 1098 777 eam
1111 754 1119 782 ς
1138 750 1174 776 et
1183 745 1214 777 si
1225 745 1368 786 quidem
1380 745 1485 776 fuerit
1495 745 1625 776 domus
1633 744 1754 785 digna,

443 789 563 820 veniet
587 798 656 828 pax
679 795 798 820 vestra
822 798 929 828 super
952 798 1053 826 eam:
1087 788 1142 820 sin
1167 794 1285 820 autem
1310 798 1382 819 non
1408 788 1514 820 fuerit
1537 788 1658 828 digna,
1686 797 1756 828 pax

444 839 564 863 vestra
587 832 632 864 ad
649 842 714 863 vos
739 838 955 867 revertetur:
987 832 1238 873 etquicunque
1255 841 1327 863 non
1352 832 1526 871 receperit
1543 841 1618 868 vos,
1642 841 1757 872 neque

444 876 618 907 audiverit
635 877 743 907 verba
759 882 888 912 vestra,
910 882 1080 906 exeuntes
1097 875 1207 907 domo
1222 881 1282 907 aut
1299 876 1386 907 urbe
1411 875 1490 913 ista,
1510 875 1663 906 excutite
1680 874 1758 915 pul-

444 928 565 950 verem
583 919 712 959 pedum
730 925 932 950 vestrorum
944 918 962 929 ”
980 918 1026 958 (x.
1046 918 1183 959 12—14):

271 1007 392 1061 quod
433 1007 635 1047 dicerent
669 1006 872 1047 “Domui
910 1006 1040 1059 pax,'’
1072 1005 1295 1059 significat
1337 1012 1385 1047 ut
1427 1011 1756 1058 cognoscerent

272 1082 376 1110 num
404 1069 465 1110 illi
491 1070 563 1123 qui
590 1070 647 1110 ibi
674 1076 776 1110 sunt
802 1070 1053 1122 reciperent
1078 1069 1345 1110 Dominum:
1379 1069 1756 1122 evangelizabant

272 1132 330 1174 de
352 1132 562 1180 Domino,
587 1146 637 1173 ac
661 1133 763 1173 inde
785 1133 842 1172 de
864 1131 1005 1180 caelo,
1028 1132 1193 1185 gaudio
1215 1131 1398 1172 caelesti
1426 1138 1471 1172 et
1494 1133 1586 1172 vita
1610 1138 1756 1173 aeter-

272 1207 356 1245 na;
390 1208 493 1236 nam
520 1196 669 1236 omnia
695 1194 771 1235 illa
797 1194 1103 1247 significantur
1127 1208 1205 1248 per
1232 1198 1426 1248 “pacem
1445 1194 1478 1245 ;'‘
1513 1201 1559 1235 et
1591 1195 1653 1235 illi
1684 1195 1758 1248 qui

259 1265 553 1312 receperunt,
572 1257 885 1311 intelliguntur
907 1271 984 1311 per
1000 1256 1150 1298 “filios
1168 1257 1327 1311 paciS,'’
1345 1271 1475 1310 super
1492 1258 1649 1311 quibus
1667 1271 1758 1311 pax

273 1322 596 1375 requiesceret:
631 1321 666 1360 si
690 1327 841 1361 autem
865 1333 954 1360 non
978 1326 1279 1373 agnoscerent
1304 1320 1562 1367 Dominum,
1586 1327 1631 1361 et
1655 1320 1758 1361 inde

273 1397 364 1425 non
389 1384 639 1437 reciperent
666 1383 741 1423 illa
763 1397 877 1436 quae
899 1383 1081 1424 Domini
1106 1389 1210 1423 sunt
1238 1396 1314 1423 seu
1340 1396 1455 1436 quae
1477 1383 1612 1436 pacis,
1636 1383 1758 1436 quod

272 1446 330 1487 ab
360 1447 411 1487 iis
442 1446 699 1495 auferretur,
727 1445 1004 1498 significatur
1034 1459 1112 1499 per
1139 1446 1213 1486 “si
1245 1446 1404 1486 domus
1435 1452 1512 1486 aut
1539 1446 1641 1486 urbs
1668 1460 1758 1487 non

272 1509 411 1562 digna
442 1515 576 1556 esset,
604 1508 722 1561 quod
750 1522 840 1561 pax
868 1514 1168 1549 reverteretur
1193 1522 1324 1561 super
1349 1521 1426 1548 eos
1444 1507 1477 1557 ;”
1513 1521 1568 1549 ne
1600 1515 1705 1550 tunc
1733 1523 1759 1550 a

273 1572 403 1613 malis
435 1578 480 1612 et
512 1571 632 1612 salsis
664 1585 777 1624 quae
813 1572 856 1611 in
893 1571 969 1612 illa
1000 1571 1137 1612 domo
1168 1578 1244 1612 aut
1281 1571 1323 1611 in
1361 1570 1436 1611 illa
1467 1571 1574 1612 urbe
1608 1571 1758 1613 laede-

272 1642 440 1683 rentur,
469 1634 731 1674 mandatum
765 1640 834 1674 est
866 1641 914 1675 ut
943 1638 1203 1675 “exeuntes
1217 1640 1503 1674 ·excuterent
1530 1633 1758 1687 pulverem

272 1698 436 1751 pedum
469 1696 686 1745 suorum,’'
713 1710 790 1750 per
816 1697 934 1750 quod
967 1696 1243 1750 significatur
1275 1710 1330 1737 ne
1362 1697 1623 1738 damnatum
1655 1697 1759 1739 inde

272 1760 539 1801 adhaereret
558 1773 566 1810 ;
600 1774 677 1813 per
701 1760 970 1813 “pulverem
990 1760 1154 1814 pedum
1167 1760 1185 1775 ’¹
1203 1761 1320 1800 enim
1339 1760 1615 1812 significatur
1630 1761 1758 1801 dam-

273 1829 454 1864 natum:
500 1836 601 1863 nam
635 1822 839 1864 ultimum
871 1823 988 1876 apud
1026 1823 1267 1870 hominem,
1301 1823 1420 1876 quod
1458 1829 1526 1864 est
1553 1823 1759 1864 sensuale

273 1885 491 1934 naturale,
516 1886 837 1939 correspondet
861 1886 1028 1939 plantis
1050 1885 1212 1939 pedum
1232 1900 1240 1935 ;
1274 1892 1319 1926 et
1343 1887 1444 1939 quia
1470 1885 1568 1926 huic
1592 1886 1758 1927 adhae-

272 1955 341 1990 ret
364 1948 545 1997 malum,
570 1949 672 1989 ideo
695 1949 811 2002 apud
839 1949 939 1989 illos
961 1949 1034 2002 qui
1060 1949 1103 1989 in
1126 1949 1520 2002 repraesentativis
1543 1948 1760 1990 ecclesiae

273 2018 417 2061 erant,
450 2018 498 2052 ut
530 2011 727 2065 plerique
759 2026 813 2053 eo
844 2019 1064 2065 tempore,
1092 2012 1387 2052 excutiebant
1420 2011 1649 2064 pulverem
1681 2025 1759 2065 pe-

273 2074 381 2116 dum
421 2087 521 2115 cum
563 2088 652 2115 non
694 2076 998 2128 reciperentur
1037 2088 1142 2115 vera
1182 2072 1425 2115 doctrinae,
1498 2074 1549 2114 In
1592 2075 1760 2116 mundo

268 2138 391 2179 *enim
437 2137 667 2190 spirituali,
710 2139 891 2191 quando
935 2137 1093 2191 aliquis
1139 2137 1284 2177 bonus
1330 2138 1452 2177 venit
1499 2137 1555 2177 ad
1601 2136 1759 2186 malos,

272 2199 415 2241 influit
448 2199 614 2240 malum
646 2200 704 2240 ab
739 2201 821 2249 his,
854 2207 900 2241 et
938 2200 1216 2253 aliquantum
1258 2200 1516 2252 perturbat;
1558 2199 1637 2240 sed
1675 2199 1759 2240 hoc

273 2262 419 2304 solum
442 2263 673 2316 perturbat
691 2263 848 2304 ultima
870 2277 983 2317 quae
1001 2263 1356 2316 correspondent
1380 2262 1546 2315 plantis
1569 2262 1759 2315 pedum;

272 2325 378 2366 inde
419 2338 518 2366 cum
559 2339 607 2366 se
637 2332 821 2366 vertunt
858 2333 904 2367 et
941 2326 1124 2374 abeunt,
1158 2331 1345 2378 apparet
1383 2326 1496 2365 sicut
1530 2324 1759 2378 pulverem

273 2388 438 2441 pedum
475 2401 653 2428 suorum
690 2394 812 2428 retro
848 2389 1101 2436 excutiant,
1134 2387 1253 2441 quod
1289 2394 1359 2427 est
1397 2387 1607 2427 indicium
1639 2387 1759 2440 quod

274 2450 451 2491 liberati
491 2450 595 2499 sint,
629 2457 674 2491 et
706 2451 826 2504 quod
858 2451 1023 2491 malum
1055 2450 1300 2492 adhaereat
1338 2450 1423 2490 illis
1457 2451 1529 2503 qui
1565 2451 1607 2490 in
1640 2449 1760 2490 malo

273 2515 393 2550 Sunt.
449 2519 562 2558 (Quod
577 2516 733 2557 “plantae
747 2520 867 2557 pedum
879 2520 896 2530 ''
910 2520 1179 2558 cor-respondeant
1194 2519 1311 2548 infimis
1324 2519 1528 2553 naturalibus,
1539 2523 1570 2547 et
1584 2519 1672 2556 quod
1687 2519 1761 2548 inde

272 2568 306 2597 in
319 2567 429 2597 Verbo
439 2567 614 2605 significent
624 2568 687 2602 illa,
699 2568 841 2597 videatur
852 2578 882 2597 n.
896 2569 985 2602 2162,
997 2577 1086 2606 3147,
1098 2568 1188 2606 3761,
1202 2567 1292 2605 3986,
1305 2569 1394 2604 4280,
1407 2569 1604 2604 4938—4952:
1627 2571 1659 2595 et
1673 2567 1761 2604 quod

273 2613 436 2655 “pulvis,''
457 2626 553 2654 quem
573 2622 766 2651 excuterent,
786 2618 941 2655 significet
963 2618 1161 2652 damnatum,
1185 2626 1219 2646 n.
1244 2626 1312 2654 249,
1332 2618 1421 2653 7418,
1442 2616 1547 2654 7522.)
1617 2605 1758 2658 Apud

273 2660 450 2710 Lucam,

264 2761 267 2765 ·
296 2764 300 2769 ’
343 2748 449 2790 Jesns
465 2748 563 2780 flevit
579 2758 686 2789 super
709 2749 806 2787 urbe,
826 2749 959 2786 dicens,
983 2749 1051 2781 “Si
1070 2759 1208 2786 nosses,
1228 2754 1264 2780 et
1280 2748 1420 2789 quidem
1447 2748 1483 2779 in
1500 2748 1556 2779 die
1572 2748 1651 2784 hoc,
1670 2757 1760 2788 quae

446 2792 490 2823 ad
507 2802 630 2832 pacem
655 2799 776 2831 tuam;
804 2793 867 2824 sed
891 2803 985 2824 nunc
1008 2793 1257 2824 absconditum
1282 2798 1336 2823 est
1359 2793 1403 2822 ab
1428 2791 1538 2822 oculis
1555 2791 1624 2823 tuis
1636 2790 1654 2803 '¹
1671 2791 1756 2831 (xix.

448 2833 536 2877 [41‚]
554 2838 631 2875 42)=

273 2919 347 2973 qui
372 2920 428 2960 de
448 2919 517 2959 his
537 2919 683 2960 verbis
705 2925 751 2960 et
774 2932 883 2960 mox
906 2920 1197 2973 sequentibus
1219 2919 1276 2959 ibi
1303 2917 1445 2958 solum
1469 2917 1675 2969 cogitant
1698 2929 1758 2956 ex

273 2995 407 3023 sensu
435 2981 627 3031 litterae,
655 2981 858 3032 credunt,
886 2982 985 3036 quia
1011 2995 1101 3023 non
1127 2981 1245 3022 aliud
1271 2980 1439 3028 vident,
1467 2979 1585 3032 quod
1611 2991 1636 3018 a
1662 2978 1757 3019 Do-
