2008 3360
634 381 742 414 CAP.
764 366 843 422 vi„
867 382 1004 414 VERs.
1026 381 1174 425 4—N.
1198 372 1276 426 365
1284 371 1366 427 [a],
1665 362 1751 426 769

252 502 303 543 (ut
315 512 422 542 supra,
434 512 466 533 n.
481 501 656 545 355[a,c]‚
671 492 770 545 356)
787 508 796 544 ;
828 507 908 547 per
927 498 1131 548 “equum
1143 493 1164 508 ‘'
1180 492 1463 547 significatur
1484 490 1749 533 intellectus

251 552 347 606 ejus
372 562 418 602 (n.
436 561 486 605 35
495 559 606 605 5),et
637 554 718 606 per
744 555 948 607 “equum
979 553 1124 594 rusum
1144 552 1165 568 ”
1189 551 1454 593 intellectus
1482 550 1749 605 deperditus

250 612 403 667 quoad
433 612 610 653 bonum
642 623 688 662 (n.
707 611 832 664 364);
871 627 1011 667 quare
1042 627 1122 667 per
1154 612 1434 653 “sedentem
1466 625 1601 664 super
1630 624 1750 664 equo

250 674 376 715 rufo”
399 673 677 729 significatur
695 673 899 716 Verbum
923 675 1028 716 inde
1050 688 1140 716 non
1163 672 1444 716 intelleestum
1462 674 1492 727 ;)
1527 687 1585 714 ex
1608 672 1748 725 signi-

248 734 466 777 ficatione
494 734 700 776 “tollere
726 736 928 789 pacem,‘’
950 737 1072 790 quod
1091 736 1162 784 sit
1193 735 1314 789 quod
1346 734 1452 775 inde
1483 733 1670 774 dissidia
1696 744 1751 780 (de

250 804 501 843 quasequimr),
527 799 574 834 et
605 807 665 834 ex
687 794 1024 847 significatione
1053 793 1283 842 “terrae,’'
1307 793 1430 847 quod
1461 793 1520 833 sit
1551 791 1751 833 ecclesia

252 862 357 900 (quod
371 859 388 870 ‘⁸
401 867 485 891 terra
496 861 514 872 '¹
530 861 686 900 significet
704 862 881 896 ecclesiam,
898 863 1043 892 videatur
1057 871 1162 900 supra,
1178 871 1210 892 n.
1226 862 1293 904 29,
1312 861 1420 902 304).
1477 850 1750 903 Antequam

252 913 510 967 explicatur
528 913 634 967 quid
652 912 876 966 significat
894 917 919 935 “
933 914 1064 967 pax,”
1081 913 1248 967 aliquid
1271 913 1446 953 dicetur
1463 912 1519 952 de
1541 925 1609 958 eo,
1628 911 1749 965 quod

252 977 434 1030 quando
478 974 738 1018 intelle&us
764 976 904 1017 Verbi
936 977 1196 1030 deperditus
1222 982 1306 1024 est,
1334 976 1535 1016 oriantur
1567 974 1752 1015 dissidia

253 1040 296 1080 in
328 1039 532 1080 ecclesia.
594 1039 677 1080 Per
702 1038 858 1079 bonum
889 1039 1158 1092 intelligitur
1181 1039 1350 1080 bonum
1382 1038 1546 1079 amoris
1578 1038 1621 1077 in
1654 1036 1751 1078 Do-

254 1102 424 1142 minum
455 1108 502 1143 et
539 1102 706 1142 bonum
738 1102 903 1142 amoris
934 1115 1043 1155 erga
1071 1102 1344 1156 proximum,
1371 1101 1584 1155 quoniam
1615 1112 1751 1140 omne

254 1165 421 1205 bonum
459 1171 530 1206 est
570 1165 748 1205 amoris.
818 1163 1014 1217 Quando
1053 1164 1165 1205 haec
1203 1164 1322 1204 bona
1361 1163 1480 1217 apud
1520 1163 1751 1204 hominem

254 1227 473 1269 ecclesiae
489 1241 578 1268 non
595 1235 714 1276 sunt,
726 1234 832 1268 tunc
849 1241 937 1268 non
954 1227 1223 1280 intelligitur
1236 1226 1437 1268 Verbum
1457 1240 1466 1276 ;
1494 1223 1752 1279 conjunffio

254 1291 374 1331 enim
415 1290 598 1331 Domini
638 1297 685 1331 et
726 1288 980 1342 conjunctio
1021 1289 1133 1330 caeli
1173 1303 1275 1330 cum
1311 1289 1493 1330 homine
1532 1287 1752 1340 ecclesiae

254 1359 325 1394 est
351 1367 430 1407 per
451 1353 649 1403 b0num;
686 1366 823 1406 quare
849 1353 884 1392 si
917 1366 1006 1393 non
1039 1353 1207 1393 bonum
1233 1358 1305 1393 est
1336 1351 1454 1405 apud
1487 1351 1626 1399 illum,
1660 1364 1749 1392 non

256 1415 351 1456 dari
388 1422 542 1470 potest
573 1415 721 1469 aliqua
752 1415 1009 1463 illustratio,
1043 1416 1188 1455 omnis
1219 1415 1339 1456 enim
1375 1414 1618 1455 illustratio
1650 1426 1751 1454 cum

256 1478 422 1532 legitur
444 1478 647 1520 Verbum
673 1485 743 1519 cst
770 1492 795 1519 e
821 1477 948 1519 caelo
970 1492 995 1518 a
1020 1478 1245 1528 Domin03
1277 1484 1323 1518 et
1350 1490 1450 1518 curn
1473 1476 1597 1517 nulla
1627 1476 1751 1517 illus.-

255 1542 393 1583 tratio
414 1548 499 1590 est,
523 1548 631 1582 tunc
655 1555 775 1589 vera,
800 1555 914 1594 quae
940 1541 984 1580 in
1008 1540 1178 1586 Verbo,
1202 1541 1245 1580 in
1271 1540 1463 1581 obscuro
1485 1546 1616 1589 sunt;
1648 1537 1752 1580 inde

255 1604 450 1645 dissidia.
520 1603 655 1657 Quod
683 1603 885 1645 Verbum
918 1617 1006 1643 non
1040 1602 1320 1656 intelligatur
1354 1603 1390 1643 si
1421 1602 1558 1644 homo
1585 1615 1675 1643 non
1697 1603 1752 1655 ‚in

233 1668 376 1708 *bono
408 1669 480 1715 sit,
513 1668 650 1708 etiam
689 1674 901 1707 constare
933 1672 1087 1719 potest
1125 1679 1184 1706 ex
1221 1679 1290 1714 eo,
1323 1665 1444 1719 quod
1485 1666 1529 1705 in
1565 1664 1753 1718 singulis

262 1729 397 1771 Verbi
428 1731 487 1771 sit
520 1729 777 1782 conjugium
811 1729 1023 1775 caeleste,
1052 1729 1136 1769 hoc
1169 1735 1254 1776 est,
1281 1727 1538 1782 conjunctio
1569 1729 1675 1769 boni
1706 1735 1753 1770 et

259 1793 377 1843 veri;
419 1807 555 1846 quare
586 1794 621 1832 si
654 1793 821 1833 bonum
855 1805 944 1832 non
971 1792 1101 1832 adest
1133 1791 1303 1832 homini
1335 1791 1506 1844 legenti
1531 1791 1750 1845 Verbum,

259 1869 339 1896 ηερ
361 1862 550 1909 apparet
570 1868 738 1902 verum,
759 1868 911 1895 verum
931 1855 1050 1894 enim
1073 1859 1261 1907 apparet
1282 1867 1343 1895 ex
1360 1854 1496 1902 bono,
1515 1860 1561 1894 et
1585 1854 1753 1894 bonum

257 1928 337 1969 pel*
366 1928 488 1955 Vera.
555 1925 667 1962 (Quod
687 1925 719 1953 in
739 1925 870 1962 singulis
885 1924 982 1953 Verbi
1002 1924 1040 1952 sit
1055 1923 1240 1961 conjuncftio
1257 1924 1335 1953 boni
1353 1928 1385 1953 et
1398 1923 1474 1957 veri,
1489 1924 1635 1953 videatur
1647 1932 1755 1961 supra,

255 1987 286 2008 n.
301 1969 383 2019 238
397 1978 462 2013 sm..
477 1968 638 2016 288&ss
695 1967 768 2007 Ita
789 1968 910 2007 enim
933 1981 981 2007 se
1003 1980 1074 2006 res
1096 1966 1263 2007 habet:
1296 1972 1518 2020 quantum
1543 1966 1684 2007 homo
1708 1966 1753 2007 in

256 2029 378 2070 bono
399 2035 484 2075 est.
504 2036 682 2069 tantum
705 2028 846 2069 influit
871 2028 1104 2075 Dominus,
1123 2034 1169 2068 et
1192 2027 1270 2068 dat
1293 2025 1576 2068 affectionem
1594 2028 1686 2068 veri
1707 2035 1755 2073 et

256 2092 360 2133 inde
375 2090 684 2142 intelleRumq
712 2105 815 2131 nam
828 2104 954 2131 mens
969 2090 1154 2130 interior
1165 2090 1360 2130 humana
1370 2090 1562 2131 formata
1574 2103 1754 2144 prorsus

257 2160 328 2195 est
346 2154 402 2194 ad
421 2155 663 2207 imaginem
683 2153 810 2202 caeli,
826 2167 877 2194 ac
897 2160 1043 2194 totum
1060 2152 1233 2193 caelum
1248 2152 1487 2194 formatum
1506 2160 1576 2193 est
1595 2165 1755 2206 secun-

257 2217 363 2258 dum
382 2215 641 2258 affefflones
656 2217 760 2257 boni
778 2224 824 2257 et
838 2217 928 2256 veri
946 2230 1005 2256 ex
1023 2216 1143 2255 bono
1160 2229 1169 2264 ;
1202 2229 1338 2269 quare
1353 2217 1435 2256 nisi
1453 2216 1620 2256 bonum
1635 2216 1754 2271 apud

257 2279 487 2321 hominem
506 2286 591 2326 est,
612 2292 740 2320 mens
761 2279 838 2319 illa
856 2291 945 2319 non
964 2278 1123 2330 aperiri
1146 2284 1313 2331 potest,
1333 2279 1478 2318 minus
1495 2278 1675 2318 formari
1697 2278 1754 2319 ad

258 2342 452 2391 caelum;
475 2341 692 2382 formatur
703 2355 782 2395 per
794 2338 1154 2393 conjunffionem
1167 2340 1273 2381 boni
1288 2347 1334 2381 et
1348 2341 1452 2381 veri.
1495 2340 1606 2381 Inde
1617 2341 1755 2390 etiam

257 2411 467 2446 constare
485 2411 637 2458 potest
661 2404 780 2457 quod
805 2404 885 2443 nisi
908 2403 1045 2443 homo
1067 2403 1110 2442 in
1129 2402 1250 2443 bono
1271 2410 1355 2447 est.
1374 2416 1480 2443 vera
1503 2416 1592 2443 non
1616 2402 1756 2458 habe—

257 2473 336 2507 ant
354 2467 537 2507 humum
555 2467 598 2506 in
616 2480 703 2520 qua
720 2466 1006 2518 recipiantur,
1024 2477 1105 2505 nec
1125 2464 1322 2505 calorem
1338 2479 1396 2505 ex
1413 2479 1502 2518 quo
1520 2468 1755 2514 crescant:

257 2536 363 2570 sunt
385 2529 503 2570 enim
527 2542 633 2569 vera
654 2528 774 2581 apud
798 2527 1026 2567 hominem
1049 2527 1123 2580 qui
1145 2527 1188 2567 in
1211 2527 1331 2568 bono
1353 2534 1423 2568 est
1446 2528 1560 2568 sicut
1584 2528 1757 2568 semina

257 2592 302 2632 in
329 2591 466 2632 humo
488 2598 695 2644 tempore
721 2591 864 2638 veris;
897 2596 943 2629 at
967 2602 1073 2629 vera
1095 2590 1212 2642 apud
1240 2590 1468 2630 hominem
1495 2591 1567 2643 qui
1596 2603 1685 2630 non
1713 2590 1755 2630 in

257 2654 379 2694 bono
396 2661 482 2701 est,
497 2661 600 2694 sunt
619 2654 734 2694 sicut
753 2652 925 2693 semina
947 2652 989 2691 in
1009 2652 1146 2691 humo
1165 2651 1411 2693 constricta
1428 2652 1533 2705 gelu
1551 2657 1757 2706 tempore

258 2716 430 2765 hiemis,
463 2717 645 2770 quando
686 2728 775 2755 non
816 2727 1018 2766 gramen,
1055 2727 1137 2755 nec
1174 2714 1272 2762 flos,
1308 2728 1390 2755 nec
1431 2715 1576 2763 arbor,
1613 2715 1758 2755 minus

257 2777 438 2820 fruGtus.
501 2779 551 2819 In
570 2778 726 2819 Verbo
744 2785 847 2817 sunt
866 2777 1016 2817 omnia
1034 2791 1140 2817 vera
1162 2777 1275 2818 caeli
1302 2785 1347 2818 et
1365 2777 1598 2825 ecclesiae,
1618 2778 1757 2818 immo

258 2843 410 2883 omnia
435 2856 599 2882 arcana
623 2841 872 2894 sapientiae
894 2854 1009 2892 quae
1031 2846 1134 2880 sunt
1160 2840 1335 2893 angelis
1362 2840 1488 2887 caeli,
1513 2840 1592 2881 sed
1619 2853 1767 2889 nemo,

258 2904 335 2946 illa
361 2906 484 2946 videt
511 2906 593 2945 nisi
621 2905 695 2957 qui
727 2905 770 2943 in
797 2904 917 2943 bono
943 2903 1108 2943 amoris
1140 2904 1183 2943 in
1211 2903 1455 2944 Dominum
1488 2909 1534 2944 et
1566 2904 1609 2943 in
1636 2903 1757 2944 bono

259 2968 423 3009 amoris
454 2982 563 3020 erga
595 2967 853 3020 proximum
887 2972 956 3006 est
975 2979 983 3005 ε
1026 2966 1100 3019 qui
1137 2979 1225 3006 non
1259 2973 1378 3013 sunt,
1411 2966 1473 3006 illi
1510 2967 1581 3007 hic
1619 2973 1666 3007 et
1698 2966 1756 3006 ibi

256 3031 416 3072 vident
435 3045 554 3079 vera,
573 3030 652 3070 sed
672 3042 762 3069 non
786 3028 1048 3081 intelligunt
1071 3028 1172 3085 illa;
1200 3029 1369 3069 habent
1389 3029 1444 3069 de
1466 3028 1552 3069 illis
1574 3042 1755 3082 prorsus
