2008 3360
243 337 328 382 714
654 338 986 371 APOCALYPSIS
1018 338 1316 372 EXPLICATA.

222 474 225 478 ,
243 439 401 482 ''gloria''
417 444 572 482 significet
589 445 741 474 Divinum
756 446 879 475 Verum
895 445 1075 483 procedens
1093 454 1118 474 a
1132 445 1285 481 Domino,
1299 445 1444 475 videatur
1460 453 1566 484 supra,
1581 454 1613 476 n.
1630 443 1730 488 [¹133.

243 487 562 599 288[G{c]‡5<)2ma
579 550 603 566 “
617 545 729 599 pax’
734 546 800 586 'in
818 559 953 586 sensu
968 546 1150 586 interno
1165 545 1308 588 Verbi
1322 546 1549 599 significat
1568 546 1728 587 Domi-

242 620 361 656 num,
388 614 434 648 et
465 607 568 648 inde
600 607 773 648 caelum
804 614 850 660 et
882 607 1021 647 vitam
1053 613 1299 656 aeternam,
1326 609 1369 648 in
1396 609 1544 661 specie
1571 607 1728 661 jucun-

236 670 347 714 ,dum
379 670 490 710 caeli
530 669 765 711 oriundum
803 683 862 709 ex
895 667 1210 721 conjunctione
1247 683 1348 711 cum
1381 670 1591 719 Domino,
1625 670 1728 710 ideo

243 732 477 779 Dominus,
519 738 622 785 post
665 729 1050 780 resurrectionem,
1093 745 1194 773 cum
1239 733 1443 786 apparuit
1487 731 1728 786 discipulis,

243 795 359 836 dixit
385 794 485 843 illis,

472 884 494 897 ‘⁴
508 883 581 914 Pax
598 882 700 914 vobis
710 882 729 894 ’'
746 882 842 922 (Luc.
857 882 952 915 xxiv.
967 883 1019 921 36,
1034 890 1096 922 373
1124 882 1207 925 Joh.
1220 892 1277 916 xx.
1297 891 1347 924 19,
1361 891 1414 921 21,
1429 883 1495 924 26).

243 965 391 1014 Porro,
421 965 538 1019 apud
564 965 717 1006 Mosen
739 980 754 1005 .·

312 1041 535 1072 “Benedicat
560 1041 621 1072 tibi
635 1040 807 1082 Jehovah,
828 1045 862 1071 et
886 1040 1062 1072 custodiat
1086 1046 1143 1076 te:
1171 1040 1288 1072 lucere
1312 1040 1417 1072 faciat
1433 1039 1595 1082 Jehovah
1619 1040 1728 1072 facies

414 1094 497 1115 suas
522 1094 628 1124 super
652 1091 697 1121 te,
724 1090 759 1114 et
784 1083 994 1115 misereatur
1018 1083 1090 1120 tui:
1118 1089 1154 1115 et
1177 1084 1317 1115 attollat
1333 1083 1495 1125 Jehovah
1512 1083 1621 1116 facies
1644 1093 1727 1116 suas

414 1137 520 1168 super
537 1133 582 1165 te,
603 1133 637 1158 et
654 1133 764 1167 ponat
782 1127 843 1158 tibi
861 1136 983 1167 pacem
995 1126 1014 1138 ''
1030 1127 1155 1167 (Num.
1172 1127 1218 1159 vi.
1236 1128 1377 1167 24-26):

231 1214 452 1264 'Divinum
480 1222 665 1271 Verum,
693 1236 751 1262 ex
784 1236 871 1275 quo
903 1222 1048 1262 omnis
1080 1221 1383 1274 intelligentia
1414 1228 1459 1262 et
1492 1221 1726 1275 sapientia,

242 1299 341 1326 cum
382 1299 470 1339 quo
510 1284 649 1325 influit
683 1285 916 1332 Dominus,
958 1284 1225 1336 intelligitur
1266 1291 1343 1337 per
1376 1283 1563 1324 “lucere
1594 1284 1726 1325 saciat

240 1348 441 1401 Jehovah
464 1348 597 1388 facies
615 1361 715 1388 suas
733 1361 863 1400 super
881 1354 927 1388 te
945 1347 978 1398 ;”
1004 1354 1049 1388 et
1073 1361 1150 1400 per
1172 1347 1214 1387 id
1238 1346 1383 1387 tutela
1404 1360 1430 1387 a
1452 1346 1571 1388 falsis
1593 1348 1727 1389 intel·

230 1410 393 1464 :lig-itur
424 1425 501 1464 per
529 1411 826 1450 “misereatur
853 1410 916 1451 tui
934 1409 967 1459 ;''
998 1423 1050 1450 ac
1085 1409 1295 1450 Divinum
1330 1409 1517 1458 Bonum,
1545 1424 1604 1451 ex
1636 1425 1724 1464 quo

227 1474 387 1514 'omnis
418 1487 542 1513 amor
567 1480 612 1513 et
641 1473 849 1520 charitas,
877 1485 978 1513 cum
1010 1486 1099 1526 quo
1130 1471 1271 1512 influit
1299 1472 1530 1521 Dominus,
1558 1473 1724 1514 intelli-

242 1537 362 1590 gitur
393 1550 469 1590 per
503 1535 724 1576 “attollat
748 1535 952 1588 Jehovah
977 1535 1111 1576 facies
1142 1548 1244 1575 suas
1275 1548 1407 1588 super
1438 1541 1484 1576 te
1501 1535 1534 1585 ;”
1573 1542 1619 1576 et
1651 1549 1729 1589 per

242 1599 285 1640 id
309 1599 452 1640 tutela
474 1613 500 1639 a
525 1598 667 1646 malis,
691 1612 740 1638 ac
764 1598 868 1639 inde
891 1598 1066 1639 caelum
1089 1605 1134 1638 et
1157 1597 1346 1638 felicitas
1367 1604 1565 1645 aeterna,
1590 1598 1725 1639 intel-

242 1662 394 1715 ligitur
424 1675 502 1715 per
535 1666 712 1714 “ponat
744 1661 825 1702 tibi
862 1674 1019 1714 pacem
1038 1660 1070 1711 ;”
1108 1674 1211 1701 nam
1243 1673 1343 1701 cum
1381 1660 1499 1701 mala
1535 1667 1582 1701 et
1618 1660 1728 1702 salsa

242 1732 416 1766 remota
439 1731 556 1772 sunt,
576 1731 621 1765 et
641 1738 729 1764 non
752 1724 942 1777 amplius
965 1724 1194 1772 infestant,
1215 1730 1320 1764 tunc
1345 1723 1485 1764 influit
1505 1723 1724 1764 Dominus

243 1800 343 1828 cum
384 1801 507 1840 pace,
541 1788 584 1827 in
625 1801 712 1840 qua
754 1794 798 1827 et
843 1801 902 1827 ex
942 1801 1030 1840 qua
1069 1793 1139 1827 est
1182 1786 1370 1835 caelum,
1404 1799 1454 1827 ac
1482 1785 1725 1839 jucundum

225 1850 521 1891 *beatitudine
547 1851 737 1903 implens
760 1851 971 1891 interiora
993 1850 1171 1897 mentis,
1196 1850 1258 1890 ita
1279 1849 1490 1902 gaudium
1513 1849 1724 1891 caeleste.

243 1920 349 1957 (Haec
363 1920 544 1948 benedietio
559 1920 653 1948 etiam
669 1920 824 1957 explicata
838 1920 982 1948 videatur
995 1928 1100 1956 supra.
1116 1928 1147 1948 n.
1166 1919 1306 1960 340[b].
1313 1920 1323 1957 )
1365 1907 1521 1949 Simile
1552 1907 1726 1961 Signifi-

242 1970 368 2004 catur
394 1977 470 2017 per
498 1968 522 1983 ⁴
536 1964 712 2017 pacem’
717 1964 866 2017 'apud
892 1963 1124 2011 Davzdem,

435 2058 627 2100 ‘Jehovah
645 2059 829 2090 benedicet
846 2059 978 2099 populo
995 2069 1060 2090 suo
1077 2059 1112 2090 in
1131 2068 1216 2099 paee
1227 2057 1246 2070 '⁶
1262 2057 1335 2098 (Ps.
1351 2058 1446 2090 xxiX.
1465 2057 1540 2099 11);

242 2139 288 2174 et
314 2134 431 2187 apud
458 2134 663 2181 eundem,

310 2209 430 2250 “Quis
450 2209 614 2240 ostendet
639 2209 741 2240 nobis
761 2210 918 2242 bonum?
962 2209 1096 2241 Attolle
1113 2219 1218 2250 super
1235 2219 1301 2241 nos
1326 2209 1439 2241 lucem
1456 2209 1626 2240 facierum
1650 2215 1728 2241 tua-

414 2262 503 2289 rum,
516 2252 698 2293 Jehovah;
718 2253 781 2284 das
792 2253 982 2293 gaudium
974 2263 1009 2284 in
1023 2253 1128 2284 corde
1154 2263 1235 2285 meo
1256 2264 1339 2295 prae
1359 2261 1520 2294 tempore
1543 2249 1641 2293 [quo]
1656 2252 1727 2284 fru-

415 2302 572 2326 mentum
593 2302 627 2326 et
650 2302 804 2327 mustum
830 2306 952 2327 eorum
970 2296 1267 2336 multiplicantur;
1293 2296 1327 2326 in
1346 2305 1431 2336 pace
1449 2296 1553 2326 simul
1578 2297 1667 2326 cubo
1691 2302 1726 2327 et

413 2339 562 2375 dormio,
584 2349 666 2369 nam
684 2339 748 2376 Tu,
791 2340 940 2376 ehovah,
962 2340 1059 2370 solus
1076 2349 1237 2371 securum
1255 2349 1312 2370 me
1337 2340 1494 2370 habitare
1517 2338 1632 2370 facis”
1649 2338 1722 2378 (Ps.

414 2382 460 2413 iv.
479 2389 541 2422 7-9
563 2380 623 2423 [B.
639 2383 685 2414 A.
700 2339 813 2424 6-8]¹):

240 2470 310 2510 hic
334 2470 598 2510 describitur
619 2484 708 2523 pax
736 2484 849 2523 quae
873 2471 958 2511 illis
985 2472 1057 2524 qui
1083 2477 1186 2511 sunt
1212 2471 1255 2510 in
1283 2468 1595 2522 conjunctione
1622 2483 1722 2510 cum

242 2532 438 2573 Domino
478 2546 555 2585 per
586 2533 891 2585 receptionem
931 2533 1078 2574 Divini
1118 2533 1231 2573 Boni
1267 2540 1312 2573 et
1348 2533 1496 2572 Divini
1529 2532 1635 2573 Veri
1667 2534 1724 2573 ab

242 2594 360 2647 Ipso,
388 2601 433 2635 et
459 2594 578 2648 quod
608 2608 698 2647 pax
726 2596 782 2635 sit
815 2596 856 2635 in
883 2609 970 2648 qua
995 2602 1040 2636 et
1067 2610 1126 2636 ex
1152 2609 1238 2649 qua
1263 2596 1473 2648 gaudium
1500 2595 1721 2644 caeleste;

243 2657 451 2697 Divinum
495 2657 668 2697 Bonum
715 2657 981 2710 intelligitur
1014 2672 1102 2711 per
1143 2657 1291 2710 “Quis
1337 2658 1549 2698 ostendet
1595 2658 1722 2697 nobis

196 2722 198 2724 ’
240 2719 405 2760 bonum
421 2719 460 2759 ?”
482 2726 527 2760 et
552 2719 760 2759 Divinum
784 2719 968 2768 Verum,
993 2734 1071 2774 per
1087 2718 1299 2760 “Attolle
1321 2732 1453 2771 super
1471 2732 1552 2758 nos
1575 2718 1720 2758 lucem

239 2781 447 2822 facierum
475 2789 648 2822 tuarum
667 2781 700 2831 ;'’
734 2782 849 2822 “lux
872 2782 1080 2823 facierum
1093 2782 1112 2798 ’⁹
1138 2782 1316 2822 Domini
1356 2788 1425 2821 est
1453 2781 1615 2834 Divina
1640 2780 1717 2820 iux

242 2845 490 2897 procedens
522 2858 579 2884 ex
607 2844 710 2896 Ipso
737 2851 784 2885 ut
812 2844 916 2885 Sole
947 2847 990 2886 in
1017 2845 1145 2886 caelo
1176 2844 1396 2897 angelico,
1424 2857 1536 2896 quae
1567 2844 1610 2883 in
1641 2857 1720 2884 sua

239 2905 440 2945 essentia
461 2911 531 2945 est
555 2905 768 2945 DlVlnum
789 2905 959 2946 Verum
978 2917 1027 2954 (ut
1039 2921 1201 2946 ostensum
1216 2916 1358 2944 videatur
1372 2915 1403 2943 in
1418 2923 1514 2952 opere
1530 2915 1578 2943 De
1593 2914 1682 2944 Caelo
1694 2918 1724 2942 et

226 2967 578 3013 'lnfnm‚n.126-140)
596 2978 605 3014 ;
633 2965 848 3017 gaudium
864 2965 1065 3006 caeleste
1081 2965 1199 3014 inde,
1215 2964 1489 3016 intelligitur
1503 2977 1582 3016 per
1596 2967 1621 2984 “
1636 2964 1719 3003 das
