2008 3432
306 349 392 402 674
719 352 1052 390 APOCALvPs1s
1083 355 1383 388 EXPLICATA.

309 475 428 518 sunt,
446 483 524 523 per
538 470 565 490 ¹⁴
581 483 718 523 equos
731 469 750 485 ’'
764 468 1042 522 significatur
1058 465 1316 508 intellectus
1332 467 1436 516 veri,
1455 481 1533 522 per
1552 470 1577 488 “
1589 480 1764 510 currum
1775 466 1797 484 '⁹

309 531 514 574 doctrina
535 533 640 580 veri,
665 546 742 586 per
766 532 964 573 “rhedas
987 536 1239 572 cameratas
1250 530 1268 545 ”
1291 531 1574 584 cognitiones
1593 531 1699 579 veri,
1718 544 1797 584 per

309 595 491 636 “mulos
502 595 521 610 ”
547 595 767 636 rationale
793 596 1017 636 internum
1043 593 1164 648 quod
1190 593 1434 647 spirituale,
1458 600 1504 635 et
1522 607 1606 647 ,per
1630 597 1794 634 “vere-

308 658 456 699 darios
467 657 485 673 ’‘
508 657 726 698 rationale
748 665 987 698 externum
1009 655 1129 710 quod
1153 655 1384 706 naturale;
1416 662 1462 697 et
1489 670 1566 710 per
1593 658 1617 677 “
1632 654 1794 697 Hiero-

309 719 561 773 solymam”
593 719 868 772 significatur
904 718 1094 760 ecclesia
1135 718 1208 759 ubi
1243 717 1448 760 doctrina
1487 719 1636 759 Divini
1669 718 1792 767 Veri,

308 797 420 837 quae
446 787 612 823 “mons
638 781 919 823 sanctitatis’‘
942 781 1104 822 dicitur
1128 788 1188 822 ex
1211 794 1363 823 amore
1389 783 1493 822 veri.
1554 781 1628 837 Ex
1652 781 1792 834 signi-

307 845 517 887 ficatione
550 845 822 886 “curruum''
848 852 893 886 et
922 848 1175 898 “equorum
1189 843 1208 860 ''
1238 852 1448 887 constare
1479 851 1649 899 potest,
1676 844 1795 886 unde

308 915 379 950 est

381 998 485 1039 Quod
501 998 596 1029 Elias
610 1003 644 1029 et
662 997 822 1029 Elisaeus
839 995 921 1028 dieti
936 997 1068 1028 fuerint
1083 998 1106 1012 ‘⁴
1117 1007 1239 1029 currus
1254 996 1397 1028 Israelis
1414 1003 1449 1028 et
1465 997 1601 1038 equites
1614 996 1692 1037 ejus
1706 995 1736 1035 ;”
1760 1002 1796 1028 et

483 1042 577 1082 quod
596 1051 704 1082 puero
727 1041 855 1072 Elisaei
873 1041 970 1072 visus
995 1040 1041 1072 sit
1057 1050 1163 1072 mons
1180 1041 1306 1082 plenus
1323 1041 1422 1083 equis
1446 1047 1481 1072 et
1500 1041 1660 1072 curribus
1679 1040 1795 1081 igneis

483 1085 613 1116 circum
633 1084 811 1116 Elisaeum
829 1084 861 1124 (2
877 1084 958 1125 Reg.
973 1083 1008 1116 ii.
1025 1092 1074 1122 11,
1092 1091 1152 1123 υς
1176 1089 1252 1125 cap.
1266 1084 1312 1116 vi.
1329 1091 1389 1123 17;
1414 1094 1489 1125 cap.
1503 1084 1575 1116 xiii.
1592 1084 1663 1124 14):

309 1191 443 1219 causa
469 1184 538 1218 est
570 1178 671 1231 quia
696 1184 896 1230 uterque,
925 1182 1018 1217 tam
1051 1175 1175 1217 Elias
1207 1190 1339 1230 quam
1372 1176 1589 1224 Elisaeus,
1616 1180 1794 1230 reprae-

307 1247 541 1282 sentarunt
566 1241 806 1281 Dominum
830 1239 978 1293 quoad
1002 1239 1217 1288 Verbum,
1241 1247 1286 1281 et
1314 1254 1392 1293 per
1416 1240 1634 1281 “currus'’
1656 1241 1794 1294 signi-

306 1301 466 1343 ficatur
496 1301 703 1342 doctrina
734 1315 757 1341 e
790 1300 963 1349 Verbo,
995 1306 1042 1341 et
1078 1314 1157 1354 per
1189 1298 1440 1354 “equites'’
1470 1300 1795 1354 intelligentia.

306 1362 559 1445 ἑὲαιὲοςῗιξὲζίῗι
572 1363 712 1391 Elisaeus
724 1360 1025 1399 repraesentaverint
1038 1361 1211 1391 Dominum
1225 1362 1332 1399 quoad
1344 1362 1497 1397 Verbum,
1510 1362 1653 1391 videatur
1663 1370 1694 1392 n.
1706 1363 1796 1400 7643,

391 1459 481 1513 [d.]
525 1458 659 1512 Quod
698 1458 921 1499 “currus”
953 1464 999 1500 et
1038 1459 1178 1513 “equi
1194 1458 1214 1474 ”
1249 1458 1505 1512 significent
1539 1457 1794 1500 doctrinam

308 1528 354 1563 et
386 1519 666 1562 intellectum
693 1520 797 1573 ejus,
825 1521 969 1561 adhuc
997 1527 1206 1561 constare
1238 1527 1390 1574 potest
1421 1534 1447 1560 a
1477 1533 1610 1561 sensu
1641 1533 1794 1561 eorum

309 1584 533 1638 opposito,
561 1584 603 1623 in
636 1597 724 1636 quo
752 1582 974 1624 “currus’'
1007 1590 1052 1624 et
1087 1582 1255 1636 “equi'’
1282 1582 1537 1635 significant
1570 1581 1796 1623 doctrinas

307 1646 404 1688 falsi
430 1653 476 1687 et
500 1645 743 1686 scientifica
769 1646 880 1686 falsa
906 1660 965 1686 ex
992 1644 1287 1687 intellectuali
1315 1658 1550 1699 perverso:
1584 1644 1796 1699 pleraque

309 1710 427 1750 enim
465 1709 508 1749 in
542 1708 695 1749 Verbo
727 1709 983 1762 oppositum
1016 1721 1195 1749 sensum
1221 1708 1406 1755 habent,
1440 1722 1499 1748 ex
1538 1722 1626 1762 quo
1656 1707 1795 1748 videri

309 1778 461 1826 potest
499 1772 797 1825 quid'eadem
837 1773 879 1812 in
917 1772 1114 1824 genuino
1146 1784 1278 1812 sensu
1316 1770 1583 1823 significant.
1657 1769 1792 1823 Quod

309 1834 526 1875 “currus'’
553 1841 598 1875 et
627 1835 763 1888 “equi
776 1835 794 1850 ’'
821 1835 863 1874 in
896 1834 974 1875 illo
999 1847 1132 1875 sensu
1153 1833 1261 1874 talia
1287 1833 1555 1886 significent,
1583 1839 1793 1874 constare

306 1902 458 1950 potest
485 1911 544 1937 ex
570 1898 858 1951 sequentibus
883 1898 951 1938 his
978 1896 1313 1950 locist—Apud
1339 1895 1622 1945 Ezechielem,

374 1991 397 2005 ‘⁴
408 1990 496 2022 Ecce
513 1989 727 2022 adducturus
745 1997 869 2022 contra
886 1991 1038 2032 Tyrum.
1052 2016 1060 2024 .
1073 2015 1082 2024 .
1096 2001 1231 2032 ,regem
1250 1990 1393 2023 Babelis
1410 2001 1432 2022 a
1447 1990 1691 2031 septentrione
1694 2014 1787 2028 .....

480 2043 558 2065 cum
584 2044 675 2075 equo
699 2040 733 2065 et
758 2044 836 2066 cum
861 2045 976 2073 curru,
996 2041 1032 2067 et
1048 2045 1126 2066 cum
1151 2035 1357 2076 equitibus;.
1373 2059 1401 2066 ..
1416 2034 1521 2066 .filias
1542 2039 1619 2065 tuas
1644 2033 1679 2065 in
1704 2042 1791 2073 agro

479 2077 597 2117 gladio
611 2078 745 2109 occidet
758 2089 781 2109 :.
797 2103 804 2110 .
818 2103 825 2110 .
836 2103 847 2116 ,.
856 2088 940 2119 prae
957 2078 1176 2111 abundantia
1188 2088 1358 2119 equorum
1373 2077 1451 2118 ejus
1467 2078 1611 2118 obteget
1627 2083 1661 2108 te
1675 2077 1790 2117 pulvis

480 2131 615 2159 eorum,
636 2130 719 2161 prae
736 2131 822 2152 voce
842 2122 970 2163 equitis
990 2128 1025 2154 et
1049 2128 1147 2154 rotae
1171 2128 1206 2153 et
1225 2131 1347 2153 currus
1367 2122 1687 2152 commovebuntur
1704 2119 1794 2151 muri

480 2164 530 2195 tui
535 2188 627 2202 .....
636 2174 697 2204 per
720 2165 871 2204 ungulas
896 2175 1067 2206 equorum
1092 2175 1236 2197 suorum
1262 2164 1483 2196 conculcabit
1506 2173 1632 2196 omnes
1656 2163 1792 2205 plateas

479 2213 558 2239 tuas
572 2216 579 2246 ;
604 2208 772 2248 populum
789 2209 908 2248 gladio
925 2209 1061 2241 occidet
1072 2208 1090 2221 ''
1106 2208 1214 2249 (xxvi.
1231 2216 1260 2247 7,
1276 2208 1305 2246 8,
1323 2217 1373 2246 10,
1393 2207 1465 2248 11):

306 2312 384 2352 per
411 2298 618 2351 “Tyrum
629 2298 648 2314 ”
674 2299 950 2352 significatur
975 2300 1165 2342 ecclesia
1190 2299 1339 2354 quoad
1365 2299 1649 2352 cognitiones
1674 2298 1791 2348 veri;

306 2368 353 2403 et
379 2375 457 2415 per
483 2365 674 2414 “regem
699 2362 906 2403 Babelis''
932 2361 1179 2404 destru&io
1203 2363 1294 2403 veri
1326 2376 1404 2416 per
1428 2361 1539 2402 falsa
1569 2367 1615 2402 et
1647 2358 1791 2415 profa-

308 2425 459 2474 natio;
505 2438 582 2477 per
615 2426 1040 2477 “septentrionem”
1070 2439 1096 2467 a
1136 2439 1226 2480 quo
1256 2430 1486 2473 venturus,
1518 2422 1794 2476 significatur

309 2487 427 2527 unde
444 2499 578 2527 omne
598 2486 770 2535 salsum,
790 2488 832 2527 in
855 2489 1002 2541 specie
1024 2488 1240 2529 infernum
1263 2500 1321 2528 ex
1345 2501 1433 2541 quo
1450 2486 1654 2539 exsurgit
1673 2499 1682 2536 3
1715 2499 1794 2539 per

310 2549 564 2598 “currum,”
598 2553 772 2603 “equos
785 2550 803 2565 ’'
835 2557 881 2591 et
915 2551 1165 2605 “equite5‚”
1200 2549 1507 2603 significantur
1546 2547 1794 2589 doctrinale

306 2612 403 2653 falsi
429 2619 474 2653 et
500 2613 868 2653 ratiocinationes
893 2628 951 2654 ex
977 2614 1090 2665 illis;
1123 2628 1201 2668 per
1227 2612 1378 2653 “filias
1392 2612 1412 2628 ”
1437 2623 1546 2666 quas
1574 2612 1655 2652 “'in
1682 2624 1793 2664 agro

306 2675 458 2727 gladi-0
484 2675 700 2723 occidet,”
726 2675 1035 2728 significantur
1060 2675 1318 2718 affectiones
1339 2676 1431 2717 veri
1452 2686 1562 2729 quas
1583 2686 1662 2728 per
1682 2672 1793 2715 salsa

307 2738 586 2790 exstinguet,
615 2737 768 2778 “filiae
781 2738 799 2753 ’'
826 2740 944 2779 enirn
970 2747 1073 2781 sunt
1099 2738 1358 2781 affefflones
1383 2739 1490 2787 veri,
1520 2741 1664 2790 “ager
1678 2736 1697 2752 '’
1723 2743 1792 2778 est

309 2799 499 2840 ecclesia
524 2801 596 2840 ubi
622 2800 737 2848 illae,
767 2801 1013 2853 “gladius'’
1039 2809 1108 2844 est
1139 2815 1290 2856 pugna
1318 2801 1415 2842 falsi
1441 2806 1599 2842 contra
1623 2812 1791 2848 verum,

308 2868 354 2902 et
379 2866 402 2881 “
417 2863 620 2903 occidere
632 2862 651 2878 ”
676 2869 745 2903 est
767 2865 1085 2917 exstinguere3
1117 2865 1221 2906 inde
1242 2870 1369 2918 patet
1392 2863 1496 2917 quid
1518 2861 1793 2915 significatur

308 2937 385 2976 per
401 2927 426 2944 “
440 2938 544 2978 prae
559 2925 833 2966 abundantia
847 2940 1059 2979 equorum
1075 2927 1167 2981 ejus
1182 2927 1371 2980 obteget
1386 2933 1432 2967 te
1450 2924 1592 2979 pulvis
1607 2938 1757 2966 eorum
1772 2924 1791 2941 ”

311 2985 542 3040 (“pulvis’'
568 2994 636 3028 est
674 2987 839 3028 malum
875 2988 1020 3043 falso:
1064 3004 1142 3044 per
1178 2988 1396 3031 “muros''
1433 2988 1506 3042 qui
1542 3001 1647 3042 prae
1678 3001 1790 3028 voce
