2008 3360
272 365 360 409 710
606 411 608 413 Ι
682 334 1015 396 {APOCALYPSIS
1047 362 1344 395 EXPLICATA.

272 474 407 517 aliam
444 476 779 529 perceptionem
810 482 856 516 et
889 475 1021 515 aliam
1058 474 1203 516 ideam
1235 489 1367 529 quam
1398 490 1512 530 quae
1547 482 1617 518 est
1651 477 1759 532 ipsis

271 539 387 579 veris
423 539 466 579 in
498 552 572 589 se;
613 539 732 587 inde,
763 538 964 592 quamvis
995 551 1113 578 vera·
1131 538 1286 579 vident
1317 545 1394 580 aut
1425 539 1586 587 sciunt,
1620 553 1759 593 usque

271 614 378 642 vera
409 614 499 641 non
531 608 634 642 sunt
666 615 771 641 vera
802 600 918 654 apud
956 599 1070 648 illos,
1104 599 1183 641 sed
1215 599 1351 651 salsa;
1393 614 1494 645 nam
1526 615 1632 643 vera
1667 614 1758 646 non

271 669 375 704 sunt
407 677 512 704 vera
542 677 600 704 ex
633 677 744 703 sono
766 669 811 703 et
843 677 902 703 ex
925 661 1181 704 elocutione
1211 676 1379 712 eorum,
1406 664 1485 705 sed
1508 678 1566 705 ex
1592 664 1694 707 idea
1711 670 1757 706 et

271 727 561 780 perceptione
578 727 634 767 de
651 726 748 767 illis.
797 726 947 767 Aliter
963 739 1064 766 curn
1082 739 1186 766 vera
1203 726 1471 780 implantata
1489 734 1592 772 sunt
1611 727 1731 769 bono
1747 741 1757 778 ;

272 796 378 829 tunc
398 803 502 829 vera
520 795 737 842 apparent
760 789 803 829 in
829 802 907 828 sua
924 788 1078 836 forma,
1098 801 1200 829 nam
1219 802 1371 833 verum
1385 797 1456 833 est
1475 789 1618 831 forma
1636 790 1757 831 boni.

272 851 455 892 Exinde
486 851 693 892 concludi
720 855 872 904 potest
904 851 1046 904 qualis
1077 857 1146 892 est
1178 850 1437 893 intellectus
1469 851 1609 893 Verbi
1640 851 1759 906 apud

271 913 373 954 illos
391 915 463 967 qui
485 913 627 954 solam
645 913 778 954 fidem
801 913 967 954 faciunt
991 914 1167 954 unicum
1185 913 1342 955 salutis
1364 915 1573 963 medium,
1607 928 1658 956 ac
1677 915 1756 955 bo·

270 989 377 1016 num
389 977 508 1017 vitae
522 990 598 1016 seu
612 976 776 1016 bonum
789 976 1023 1016 charitatis
1035 975 1236 1029 rejiciunt
1251 976 1306 1017 ad
1321 983 1500 1030 tergum
1518 991 1528 1027 ;
1553 991 1757 1030 comper-

272 1046 367 1079 tum
394 1045 463 1079 est
486 1038 605 1092 quod
630 1038 692 1078 illi
719 1038 790 1091 qui
818 1038 1194 1080 confirmaverunt
1220 1052 1268 1080 se
1293 1039 1336 1079 in
1362 1053 1418 1080 eo
1439 1046 1532 1080 tam
1554 1038 1759 1080 doctrina

272 1114 405 1155 quam
437 1101 543 1149 vita,
576 1114 632 1141 ne
663 1101 841 1154 quidem
875 1114 1007 1141 unam
1036 1100 1203 1153 justam
1235 1101 1383 1142 ideam
1409 1103 1500 1142 veri
1533 1102 1757 1152 habeant;

271 1177 384 1216 quae
416 1164 551 1203 etiam
584 1176 716 1204 causa
747 1170 816 1204 est
849 1163 968 1216 quod
1006 1176 1087 1204 nec
1120 1164 1264 1204 sciant
1297 1164 1401 1217 quid
1439 1165 1619 1212 bonum,
1653 1164 1758 1218 quid

273 1225 477 1266 charitas·
493 1232 538 1265 et
560 1238 702 1273 amor,
723 1225 827 1278 quid
850 1226 1096 1278 proximus,
1123 1226 1228 1279 quid
1251 1226 1425 1267 caelum
1452 1233 1498 1267 et
1525 1227 1757 1276 infernum,

273 1288 392 1342 quod
407 1289 560 1328 vivant
576 1295 677 1341 post
694 1295 884 1328 mortem
901 1295 947 1329 ut
966 1289 1183 1337 homines,
1199 1289 1337 1330 immo
1351 1302 1433 1330 nec
1448 1289 1551 1343 quid
1570 1303 1757 1342 regene-

272 1352 401 1399 ratio,
434 1351 538 1404 quid
571 1350 839 1403 Baptismus,
873 1357 919 1391 et
951 1351 1077 1404 plura
1108 1351 1219 1402 alia;
1259 1352 1398 1392 immo
1427 1352 1471 1392 in
1504 1351 1582 1392 tali
1614 1352 1757 1392 caeci-

275 1419 372 1454 tate
403 1419 506 1453 sunt
539 1413 594 1453 de
627 1413 732 1466 Ipso
764 1413 877 1461 Deo,
912 1421 959 1454 ut
992 1413 1145 1455 colant
1183 1420 1274 1455 tres
1310 1414 1353 1454 in
1385 1414 1679 1466 cogitatione,
1712 1420 1758 1455 et

276 1489 366 1516 non
385 1489 518 1516 unum
542 1476 623 1516 nisi
646 1475 789 1516 solum
808 1490 898 1525 ore,
917 1483 963 1517 et
982 1490 1071 1528 non
1088 1477 1232 1518 sciant
1250 1474 1403 1530 fflquod
1427 1476 1558 1517 Pater
1576 1476 1759 1517 Domini

272 1538 330 1578 sit
363 1538 572 1578 Divinum
611 1539 652 1580 in
688 1538 806 1591 Ipso,
840 1546 886 1579 et
919 1538 1109 1592 Spiritus
1140 1537 1330 1580 Sanctus
1367 1539 1424 1579 sit
1456 1539 1666 1579 Divinum
1702 1539 1760 1580 ab

232 1633 235 1636 >
274 1602 392 1655 Ipso.
463 1601 589 1642 Haec
617 1600 736 1642 dicta
767 1608 870 1643 sunt
903 1609 951 1643 ut
983 1603 1148 1643 sciatur
1173 1602 1293 1656 quod
1325 1601 1471 1643 nullus
1502 1600 1759 1643 intellectus

271 1664 412 1705 Verbi
438 1665 494 1704 sit
522 1665 593 1704 ubi
619 1677 708 1704 non
734 1665 915 1705 bonum.
976 1664 1109 1717 Quod
1141 1665 1211 1706 hic
1238 1665 1412 1706 dicatur
1436 1665 1556 1718 quod
1582 1664 1758 1705 sedenti

273 1741 405 1781 super
436 1740 553 1780 equo
583 1727 678 1767 rufo
708 1727 862 1767 datum
895 1728 952 1769 sit
986 1727 1186 1768 “tollere
1216 1741 1374 1781 pacem
1406 1727 1462 1767 de
1502 1726 1658 1775 terra,”
1689 1733 1758 1767 est

272 1790 375 1843 quia
394 1788 551 1842 “pax”
571 1788 793 1842 significat
816 1789 1046 1843 pacificum
1070 1791 1233 1831 mentis
1255 1796 1300 1830 et
1319 1788 1607 1842 tranquillum
1625 1787 1758 1828 animi

272 1866 332 1893 ex
359 1850 673 1904 conjunctione
699 1852 803 1892 boni
829 1859 875 1893 et
901 1853 1019 1903 veri;
1051 1852 1157 1893 inde
1184 1851 1384 1892 “tollere
1409 1849 1596 1904 pacem”
1621 1850 1758 1902 signi·

271 1914 377 1956 ficat
408 1914 702 1967 impacificum
729 1922 775 1955 et
808 1915 1144 1968 intranquillum
1177 1929 1236 1956 ex
1263 1911 1560 1967 disjunctione
1590 1924 1758 1960 eorum,

272 1991 331 2019 ex
353 1991 442 2031 quo
466 1978 681 2018 intestina
707 1978 914 2018 dissidia:
953 1991 1052 2018 cum
1076 1978 1193 2018 enim
1219 1977 1385 2018 bonum
1409 1982 1663 2029 separatum
1690 1979 1759 2014 est

272 2053 305 2081 a·
322 2054 444 2088 vero,
467 2046 574 2080 tunc
598 2039 701 2080 loco
731 2040 846 2080 illius
871 2040 1072 2081 succedit
1099 2038 1293 2089 malum;
1331 2045 1377 2080 et
1409 2038 1493 2079 hoc
1521 2051 1610 2078 non
1637 2043 1759 2078 amat

271 2115 441 2150 verum,
466 2102 543 2142 sed
569 2109 691 2143 amat
717 2102 904 2153 salsum;
937 2115 1039 2143 nam
1065 2115 1198 2143 omne
1223 2101 1382 2142 falsum
1408 2108 1476 2142 est
1503 2100 1621 2148 mali,
1645 2100 1759 2141 sicut

273 2178 408 2206 omne
425 2178 578 2227 verugn
597 2172 664 2206 est
688 2166 791 2205 boni
809 2179 817 2206 :
846 2179 982 2219 quare
1001 2177 1101 2206 cum
1119 2165 1242 2205 videt
1260 2177 1412 2205 verum
1435 2165 1478 2204 in
1497 2163 1665 2211 Verbo,
1684 2167 1759 2203 aut

274 2227 397 2268 audit
415 2240 567 2268 verum
586 2242 643 2268 ex
662 2227 763 2276 alio,
783 2228 948 2268 malum
967 2227 1086 2281 quod
1110 2233 1178 2268 est
1196 2227 1360 2267 amoris
1378 2226 1470 2279 ejus
1491 2232 1537 2266 et
1559 2224 1663 2265 inde
1679 2238 1758 2265 vo-

275 2289 462 2330 luntatis
484 2290 575 2342 ejus
597 2291 938 2340 contranititur;
970 2296 1016 2331 et
1038 2296 1144 2330 tunc
1167 2289 1240 2330 vel
1262 2288 1402 2341 rejicit
1424 2287 1547 2336 illud,
1566 2287 1637 2328 vel
1659 2300 1758 2340 per-

273 2352 409 2393 vertit
424 2351 546 2401 illud,
562 2352 633 2393 vel
651 2366 728 2405 per
741 2353 863 2393 ideas
878 2367 936 2393 ex
952 2352 1073 2393 malo
1085 2352 1148 2392 ita
1162 2351 1373 2392 obscurat
1389 2350 1497 2390 illud
1511 2356 1560 2390 ut
1574 2350 1757 2391 tandem

272 2410 368 2468 ipse
390 2414 497 2454 nihil
519 2415 610 2454 veri
632 2415 676 2455 in
699 2429 804 2455 vero
827 2416 992 2463 videat,
1012 2421 1237 2467 utcunque
1259 2420 1391 2454 sonat
1414 2420 1461 2453 ut
1484 2425 1636 2453 verum
1659 2425 1758 2452 cum

271 2476 318 2517 id
339 2476 574 2530 eloquitur.
636 2477 748 2517 Inde
770 2484 838 2518 est
856 2478 983 2530 origo
1002 2477 1198 2517 omnium
1216 2476 1557 2522 dissensionum,
1576 2481 1758 2515 contro-

273 2539 515 2580 versiarum
534 2545 580 2579 et
598 2539 846 2580 haeresium
868 2541 911 2580 in
930 2539 1132 2580 ecclesia.
1193 2538 1268 2578 Ex
1291 2538 1358 2578 his
1381 2543 1589 2577 constare
1606 2542 1758 2589 potest

273 2601 378 2655 quid
405 2614 484 2654 per
510 2601 710 2642 “tollere
735 2615 893 2655 pacem
918 2602 974 2643 de
999 2601 1148 2643 terra”
1173 2601 1243 2641 hic
1270 2599 1556 2653 significatur.

355 2677 440 2732 [b.]
484 2677 603 2732 Quid
629 2684 783 2718 autem
809 2692 901 2731 pax
928 2684 998 2719 est
1029 2679 1074 2718 in
1105 2691 1184 2718 sua
1215 2677 1358 2730 prima
1389 2676 1579 2728 origine,
1606 2674 1759 2727 ample

275 2748 507 2783 ostensum
539 2749 608 2783 est
639 2742 683 2782 in
715 2755 850 2794 opere
875 2742 943 2782 De
970 2741 1100 2783 Caelo
1120 2748 1162 2781 et
1181 2732 1376 2792 Infe‘rno,
1403 2739 1475 2779 ubi
1506 2736 1656 2778 actum
1688 2743 1757 2778 est

274 2803 344 2844 De
376 2802 511 2844 Statu
547 2803 676 2843 Pacis
710 2803 753 2842 in
785 2802 927 2843 Caelo
958 2813 1002 2851 (n.
1023 2812 1207 2851 284-290);
1246 2800 1366 2854 quod
1403 2812 1565 2851 nempe
1599 2798 1643 2837 in
1678 2811 1757 2837 sua

254 2865 415 2917 prima
440 2864 611 2916 origine
636 2864 693 2904 sit
719 2877 777 2904 ex
806 2863 1016 2912 Domino,
1039 2864 1083 2903 in
1111 2864 1214 2916 Ipso
1239 2876 1296 2903 ex
1320 2862 1481 2901 unione
1508 2860 1649 2912 Ipsius
1677 2858 1757 2898 Di-

271 2927 362 2983 vini
393 2939 444 2967 ac
477 2926 625 2966 Divini
660 2926 869 2975 Humani,
897 2933 942 2967 et
974 2927 1032 2967 ab
1058 2926 1162 2979 Ipso
1188 2939 1246 2966 ex
1273 2921 1584 2976 conjunctione
1611 2921 1755 2974 Ipsius

275 3000 376 3029 cum
395 2988 520 3029 caelo
543 2996 588 3029 et
610 2988 814 3037 ecclesia,
833 2995 878 3030 et
901 2989 944 3029 in
962 2987 1218 3042 particulari
1240 3000 1298 3028 ex
1321 2982 1632 3038 conjunffione
1650 2983 1755 3024 boni
