2008 3360
636 338 743 370 CAP.
766 338 845 379 VL,
869 332 1008 371 VERs.
1028 338 1178 382 4—N.
1203 328 1364 384 365[e].
1393 295 1395 299 Α
1662 339 1741 384 721

251 453 540 505 “proventus
555 449 575 465 ”
607 450 831 504 significat
869 450 1213 506 produfflonem
1243 452 1365 492 veri:
1404 464 1483 504 per
1516 450 1710 492 “caelos
1724 449 1746 466 ”

247 514 322 567 qui
351 513 562 554 “dabunt
589 527 736 554 rorem
763 528 890 555 suum
903 514 923 530 ”
949 514 1229 568 significatur
1253 512 1537 555 fructificatio
1562 513 1669 554 boni
1697 520 1744 554 et

247 574 569 629 multiplicatio
593 577 710 616 veri:
745 575 1001 631 conjunctio
1027 577 1119 617 veri
1145 583 1192 617 et
1223 576 1329 617 boni
1361 575 1548 616 ulterius
1574 575 1745 616 descri-

247 637 367 679 bitur
384 652 463 692 per
479 643 504 658 “
518 637 774 692 Loquimini
792 641 1033 680 veritatem
1051 640 1116 680 vir
1130 652 1231 680 cum
1249 639 1373 679 socio
1390 652 1485 686 suo,
1501 639 1744 679 veritatem

246 706 293 741 et
311 700 526 753 judicium
549 702 671 754 pacis
691 700 890 753 judicate
913 703 957 742 in
980 703 1122 755 portis
1144 702 1321 750 vestriS‚
1340 701 1583 741 veritatem
1607 701 1745 741 modo

246 769 292 804 et
316 776 475 816 pacem
492 770 645 805 amate
663 763 698 814 ;”
724 777 802 817 per
822 766 1102 806 “veritatem
1115 764 1135 779 ¹'
1153 763 1432 817 significatur
1449 776 1604 804 verum
1622 777 1633 813 ;
1666 776 1745 816 per

249 825 496 878 “judicium
528 826 691 879 pacis,”
723 833 769 867 et
803 841 881 880 per
914 831 1112 880 “pacem
1125 826 1144 842 ’'
1176 825 1455 879 significatur
1485 823 1743 878 conjunctio

247 887 340 941 ejus
367 901 467 928 cum
495 888 629 929 bono.
691 888 829 942 Apud
855 889 1089 938 Davidem,

315 982 482 1028 Jehovah
499 983 698 1023 “loquetur
712 993 836 1023 pacem
854 984 899 1015 ad
917 984 1087 1024 populum
1102 993 1206 1015 suum
1224 989 1260 1015 et
1276 983 1322 1014 ad
1339 981 1486 1015 sanctos
1500 992 1597 1020 suos,
1613 988 1652 1014 ut
1669 992 1744 1014 non

421 1033 647 1058 revertantur
674 1027 719 1058 ad
748 1027 935 1058 stultitiam
950 1037 973 1063 ;.
988 1052 995 1059 .
1009 1052 1016 1059 .
1032 1027 1298 1059 ‚misericordia
1324 1033 1360 1058 et
1386 1024 1554 1058 [¹1veritas
1579 1026 1741 1064 obvient,

419 1069 561 1110 justitia
576 1076 613 1102 et
629 1080 699 1111 pax
715 1071 924 1102 osculentur
941 1081 980 1102 se
992 1070 1009 1082 ’'
1027 1071 1101 1111 (Ps.
1119 1071 1239 1103 lxxxv.
1255 1081 1287 1111 9,
1304 1068 1379 1101 [²111
1398 1068 1458 1112 [B.
1472 1072 1519 1102 A.
1536 1071 1567 1108 8,
1586 1068 1678 1111 10]):

245 1158 366 1212 quod
400 1158 643 1211 “Jehovah
677 1158 886 1212 loquetur
917 1172 1075 1212 pacem
1108 1159 1165 1199 ad
1200 1158 1415 1213 populum
1446 1171 1575 1199 suum
1606 1164 1654 1199 et
1686 1159 1743 1199 ad
1792 1178 1795 1181 -

246 1218 429 1262 sanetos
455 1221 600 1267 suos.”
623 1221 851 1274 significat
879 1221 999 1275 quod
1027 1221 1210 1262 docebit
1237 1228 1283 1262 et
1310 1221 1436 1262 dabit
1463 1219 1742 1274 conjunfflo-

247 1296 351 1324 nem
373 1282 536 1324 Secum
556 1297 634 1337 per
656 1282 1020 1336 conjunctionem
1047 1283 1153 1324 boni
1175 1290 1221 1324 et
1244 1284 1336 1324 veri
1358 1283 1477 1337 apud
1504 1283 1605 1324 illos
1624 1298 1633 1334 ;
1666 1298 1744 1337 per

248 1345 477 1400 “pacem”
508 1345 790 1399 significatur
821 1354 1010 1400 utraque
1042 1346 1119 1387 illa
1151 1344 1420 1399 conjunffio,
1449 1360 1527 1400 per
1561 1351 1741 1400 “popu-

245 1409 337 1449 lum
350 1408 369 1423 ”
401 1408 719 1462 significantur.
749 1409 812 1449 illi
844 1410 917 1463 qui
954 1410 998 1449 in
1030 1410 1146 1450 veris
1178 1423 1237 1450 ex
1274 1409 1395 1449 bono
1426 1415 1546 1458 sunt,
1580 1415 1627 1450 et
1666 1423 1744 1463 per

247 1469 500 1513 “sanctos”
532 1471 596 1513 illi
627 1473 702 1526 qui
734 1473 778 1512 in
810 1471 931 1512 bono
965 1486 1044 1525 per
1074 1486 1181 1512 vera
1211 1478 1342 1513 sunt:
1381 1472 1501 1526 quod
1534 1485 1623 1512 non
1655 1472 1742 1513 illis

245 1534 348 1576 dein
381 1533 550 1575 malum
582 1549 641 1575 ex
673 1534 787 1575 falso
818 1542 865 1575 et
897 1534 1058 1575 falsum
1091 1549 1149 1575 ex
1182 1534 1304 1575 malo
1330 1535 1435 1582 sint,
1463 1534 1743 1588 significatur

245 1610 324 1650 per
352 1600 438 1638 “ut
465 1610 556 1637 non
583 1604 870 1638 revertantur
895 1597 951 1637 ad
984 1596 1228 1637 stultitiam
1245 1596 1280 1637 :”
1311 1604 1500 1651 utraque
1529 1597 1606 1638 illa
1632 1611 1741 1638 con-

218 1666 225 1668 *
240 1657 413 1712 junctio
431 1659 618 1700 ulterius
636 1660 904 1700 describitur
926 1673 1004 1712 per
1021 1659 1141 1712 quod
1162 1660 1504 1700 “misericordia
1526 1666 1572 1700 et
1591 1658 1740 1700 fflveri-

245 1728 316 1763 tas
332 1722 532 1768 obvient,
548 1735 599 1763 ac
611 1721 787 1774 justitia
801 1728 847 1762 et
865 1735 954 1775 pax
970 1721 1232 1762 osculentur
1245 1735 1293 1762 se
1310 1721 1344 1762 :’'
1366 1722 1710 1763 “misericordia
1721 1721 1742 1737 '’

244 1785 303 1825 ibi
340 1783 565 1837 significat
597 1785 898 1825 remotionem
935 1798 960 1824 a
996 1783 1132 1831 salsis,
1166 1784 1285 1824 unde
1320 1783 1407 1824 illis
1438 1798 1572 1834 vera;
1619 1783 1741 1837 [inde

244 1854 373 1901 patet
410 1847 516 1901 quid
553 1846 778 1900 significat
815 1846 1158 1887 “misericordia
1193 1853 1240 1887 et
1276 1847 1444 1887 veritas
1481 1847 1666 1887 obvient
1685 1846 1739 1900 :”]

243 1916 290 1951 et
330 1910 574 1963 “justitia'’
613 1909 879 1964 [significat]
918 1910 1219 1949 remotionem
1255 1923 1281 1949 a
1316 1908 1461 1958 malis,
1500 1909 1618 1950 unde
1654 1909 1741 1950 illis

244 1973 363 2013 bona
383 1987 392 2023 ;
426 1973 529 2013 inde
549 1979 677 2026 patet
696 1972 801 2026 quid
824 1971 1048 2025 significat
1070 1971 1279 2024 “justitia
1299 1978 1346 2012 et
1369 1985 1460 2025 pax
1479 1971 1742 2013 osculentur

310 2034 331 2050 Π

244 2049 305 2076 se.
391 2034 529 2088 Apud
555 2034 759 2083 Esaiam,

312 2125 335 2139 ⁴⁴
346 2124 462 2166 Quam
479 2123 626 2164 jucundi
643 2130 728 2155 sunt
744 2133 852 2164 super
868 2123 1051 2154 montibus
1072 2122 1181 2162 pedes
1197 2123 1491 2163 evangelizantis.
1512 2123 1636 2154 audire
1656 2122 1742 2154 faci-

418 2168 512 2199 entis
524 2177 661 2208 pacem.
676 2167 958 2207 evangelizantis
970 2167 1117 2203 bonum,
1131 2166 1254 2198 audite
1265 2166 1431 2198 facientis
1442 2167 1607 2204 salutem,
1620 2167 1742 2198 dicen-

418 2211 465 2243 tis
482 2211 598 2249 Zioni,
620 2211 762 2252 Regnat
779 2209 894 2242 [³1Rex
911 2217 991 2241 tuus
1003 2209 1021 2221 '¹
1038 2209 1102 2247 (lii.
1118 2209 1170 2250 7):

243 2299 354 2341 haec
373 2300 429 2341 de
448 2299 659 2347 Domino,
676 2306 722 2340 et
742 2313 819 2352 per
839 2302 863 2318 “
878 2311 1035 2352 pacem
1048 2297 1067 2312 ''
1085 2298 1144 2338 ibi
1162 2297 1440 2351 significatur
1459 2298 1561 2352 Ipse
1580 2298 1739 2339 Domi-

242 2376 339 2411 nus,
363 2369 410 2404 et
433 2363 537 2403 inde
560 2362 736 2403 caelum
763 2362 850 2402 illis
872 2361 945 2414 qui
973 2360 1063 2413 Ipsi
1085 2359 1311 2413 conjuncti
1334 2368 1438 2402 sunt
1458 2375 1467 2411 ;
1503 2365 1739 2414 “evange-

243 2425 409 2466 lizare'’
435 2424 661 2478 significat
689 2424 947 2478 praedicare
973 2422 1075 2462 illa:
1109 2429 1155 2463 et
1178 2424 1281 2476 quia
1306 2423 1382 2464 illa
1408 2421 1664 2475 conjunctio
1690 2422 1739 2463 fit

242 2501 321 2542 per
351 2501 566 2535 amorem,
596 2487 699 2528 ideo
730 2487 893 2526 dicitur
924 2485 1274 2537 “evangelizare
1306 2499 1438 2539 super
1469 2484 1741 2533 montibus‚”

241 2557 288 2591 et
306 2550 492 2591 “dicere
509 2550 636 2590 Zioni
655 2549 689 2599 ;”
715 2553 739 2569 “
754 2554 935 2588 montes
948 2547 966 2561 ”
981 2546 1238 2599 significant
1254 2547 1325 2588 hic
1341 2554 1389 2588 ut
1405 2561 1551 2601 supra,
1571 2547 1739 2587 bonum

240 2614 406 2654 amoris
436 2614 482 2654 in
515 2612 774 2658 Dominum,
803 2617 849 2650 et
879 2609 1031 2649 “Zion
1044 2609 1064 2623 ”
1095 2609 1320 2662 significat
1353 2610 1593 2650 ecclesiam
1625 2623 1739 2663 quae

240 2676 285 2716 in
316 2675 396 2716 illo
426 2675 575 2725 bon0;
609 2688 660 2715 ac
689 2673 910 2713 Dominus
936 2670 1207 2724 intelligitur
1233 2685 1312 2725 per
1340 2670 1583 2724 ⁴⁴1³1Regem
1611 2678 1738 2712 tuum

240 2739 314 2792 qui
344 2745 507 2791 regnat
528 2737 562 2778 :'‘
599 2738 701 2790 quia
733 2732 990 2787 conjunffio
1021 2735 1113 2774 veri
1145 2740 1191 2775 et
1229 2734 1334 2775 boni
1365 2748 1391 2774 a
1422 2732 1738 2786 conjunfflone

239 2814 341 2841 cum
365 2800 563 2841 Domino
586 2798 864 2852 significatur
886 2810 964 2850 per
984 2799 1008 2816 “
1025 2796 1223 2849 pacem,”
1241 2797 1343 2837 ideo
1366 2797 1528 2837 dicitur
1548 2796 1737 2836 “audire

238 2863 444 2904 facientis
463 2875 636 2916 pacem,
653 2859 1010 2912 evangelizantis
1025 2858 1208 2906 bonum,
1224 2859 1377 2908 audire
1395 2859 1600 2899 facientis
1616 2857 1736 2898 salu-

239 2931 333 2966 tem
351 2925 385 2975 ;”
414 2923 764 2976 “evangelizare
787 2922 954 2961 bonum
967 2920 986 2935 '’
1004 2920 1228 2973 significat
1247 2919 1610 2973 conjunctionem
1633 2933 1735 2960 cum

240 2987 345 3041 Ipso
368 3001 446 3040 per
467 2987 650 3033 bonurn,
675 2991 720 3025 et
747 2984 938 3024 “audire
960 2982 1105 3023 facere
1128 2982 1356 3024 salutem’'
1378 2982 1602 3036 significat
1626 2995 1735 3023 con·
