2008 3360
273 282 356 336 738
685 291 1018 325 APOCALYPSIS
1049 292 1347 326 EXPLICATA.

275 402 419 456 qualis
464 409 535 445 est
572 403 691 458 apud
738 403 840 445 illos
877 403 950 458 qui
986 403 1301 458 intelliguntur
1336 419 1415 459 per
1453 404 1761 447 “Babelem:'’

275 466 395 519 quod
421 466 543 508 nulla
575 481 754 521 prorsus
781 466 973 508 ecclesia
998 467 1117 520 apud
1148 466 1250 508 illos
1280 468 1353 517 sit,
1381 468 1482 522 quia
1514 467 1623 509 nihil
1654 468 1760 509 boni

274 534 321 570 et
347 529 455 569 nihil
482 530 575 570 veri
601 529 821 571 ecclesiae
847 529 906 570 ibi
933 535 1019 578 est,
1047 529 1325 582 significatur
1346 544 1425 584 per
1447 527 1714 584 scripturam
1736 544 1761 572 e

275 590 428 643 caelo;
462 605 566 633 nam
582 606 659 646 per
679 595 975 632 “numeratus
995 598 1255 633 numeratus
1266 593 1285 608 ”
1304 593 1581 646 significatur
1598 592 1759 647 explo-

274 655 390 695 ratio
427 655 575 708 quoad
608 655 776 696 bonum
814 661 859 695 et
896 654 1045 708 quoad
1076 668 1256 706 verum;
1300 669 1379 710 per
1417 660 1679 710 “appensus
1715 657 1759 697 in

275 718 473 758 trutina”
499 718 777 771 significatur
802 717 1060 758 aestimatio
1086 718 1332 760 secundum
1363 719 1495 773 quale
1521 732 1675 760 eorum
1707 732 1758 760 ac

270 780 510 834 judicium;
543 787 589 822 et
616 795 695 834 per
719 779 954 820 “divisus’'
977 779 1254 833 significatur
1275 782 1522 836 dissipatio,
1542 782 1758 822 extermi-

275 845 412 891 natio,
441 850 487 885 et
514 844 740 897 separatio
765 857 791 884 a
817 843 937 883 bono
959 849 1005 884 et
1028 857 1135 884 vero
1160 843 1405 895 ecclesiae;
1438 851 1484 886 et
1511 858 1590 898 per
1613 847 1754 898 “reg-

275 920 381 947 num
393 906 411 922 ”
429 906 705 960 significatur
721 905 939 956 ecclesia;
966 906 1070 947 inde
1088 912 1230 960 patet,
1247 907 1367 961 quod
1386 907 1502 961 [per]
1526 907 1757 961 “appendi

275 970 320 1010 in
343 969 542 1011 trutina'’
565 983 643 1010 seu
667 973 879 1009 “statera
891 968 910 983 ”
931 967 1208 1022 significetur
1229 970 1487 1011 aestimatio
1512 970 1759 1011 secundum

274 1030 409 1084 quale
433 1030 527 1083 ejus
546 1045 555 1081 ;
587 1041 690 1078 (quod
710 1037 907 1070 '‘dividere''
928 1040 1083 1078 significet
1105 1041 1265 1079 dissipare,
1286 1041 1503 1076 exterminare,
1524 1046 1555 1071 et
1577 1051 1723 1079 separare
1741 1051 1761 1072 a

273 1094 360 1123 bono
375 1095 406 1125 'et
421 1103 505 1129 vero,
521 1095 665 1123 videatur
679 1103 709 1123 n.
729 1103 819 1131 4424,
835 1094 925 1131 6360,
940 1094 1030 1131 6361,
1046 1102 1124 1132 9093
1136 1093 1158 1132 ς)
1184 1084 1305 1137 quod
1322 1097 1514 1136 regnum
1532 1085 1590 1125 Sit
1609 1084 1758 1125 eccle-

275 1145 353 1194 sia,
377 1151 447 1186 est
473 1146 575 1198 quia
600 1158 789 1198 regnum
823 1144 1005 1185 Domini
1031 1150 1101 1185 est
1133 1144 1206 1185 ubi
1232 1145 1451 1196 ecclesia;
1484 1151 1758 1199 quapropter

274 1206 337 1248 illi
359 1208 431 1261 qui
454 1208 511 1249 ab
532 1207 724 1248 ecclesia
746 1213 865 1255 sunt,
884 1213 1104 1248 vocantur
1128 1207 1266 1248 “Filii
1289 1208 1415 1261 regni
1426 1208 1445 1223 '’
1470 1207 1653 1262 (Matth.
1671 1209 1757 1249 viii.

280 1281 353 1321 12;
385 1283 482 1324 cap.
509 1271 599 1311 xiii.
628 1269 714 1324 38).
775 1269 913 1323 Apud
937 1269 1140 1319 Esaiam,

343 1359 467 1401 “Quis
484 1369 631 1396 mensus
656 1365 711 1391 est
735 1359 870 1399 pugillo
894 1368 960 1390 suo
984 1368 1106 1400 aquaS,
1126 1365 1162 1391 et
1185 1359 1304 1391 caelos
1329 1359 1507 1400 spithama
1530 1360 1755 1401 exaequavit,

449 1403 725 1443 complexusque
739 1410 793 1434 est
810 1403 846 1433 in
860 1402 1017 1434 trientali
1035 1402 1217 1443 pulverem
1234 1409 1359 1440 terrae,
1376 1409 1411 1435 et
1427 1403 1598 1444 appendit
1615 1404 1651 1434 in
1669 1403 1758 1435 libra

448 1454 601 1484 montes,
621 1453 656 1478 et
673 1447 781 1478 colles
799 1446 835 1477 in
852 1446 1013 1478 lancibus
1023 1446 1057 1478 ?”
1074 1446 1134 1486 (xl.
1154 1454 1192 1477 12
1205 1445 1227 1487 :)

274 1529 540 1571 describitur
557 1542 635 1582 per
651 1531 676 1548 “
690 1527 951 1569 mensuras''
969 1527 1039 1569 hic
1054 1527 1175 1581 justa
1193 1528 1417 1569 ordinatio
1435 1534 1480 1570 et
1499 1529 1759 1570 aestimatio

274 1594 474 1634 omnium
499 1593 543 1633 in
576 1591 703 1633 caelo
735 1598 780 1633 et
817 1592 861 1632 in
893 1591 1086 1633 ecclesia
1116 1592 1362 1633 secundum
1403 1591 1534 1645 quale
1569 1592 1676 1633 boni
1711 1597 1758 1633 et

273 1657 365 1697 veri
384 1670 392 1706 ;
421 1669 654 1696 mensurae
669 1654 739 1695 hic
759 1660 863 1695 sunt
881 1657 906 1675 “
921 1654 1155 1708 pugillus,'’
1174 1657 1200 1675 “
1212 1654 1478 1708 spithama,'’
1496 1658 1520 1674 “
1535 1654 1758 1703 triental,''

276 1717 456 1758 “libra”
488 1723 534 1758 et
569 1717 809 1758 “lances:”
842 1731 920 1771 per
953 1721 1129 1771 “aquas
1143 1716 1162 1733 ”
1188 1716 1497 1770 significantur
1527 1731 1647 1766 vera,
1680 1730 1760 1771 per

276 1780 496 1822 “caelos'’
521 1780 733 1821 interiora
759 1794 837 1820 seu
868 1779 1115 1834 spiritualia
1140 1793 1246 1821 vera
1277 1785 1323 1821 et
1355 1780 1488 1828 bona,
1516 1793 1594 1833 per
1622 1779 1757 1833 “pul-

273 1857 425 1885 verem
449 1850 594 1884 terrae
606 1843 624 1858 ’'
642 1844 871 1884 exteriora
888 1857 966 1884 seu
984 1842 1206 1885 naturalia
1222 1856 1329 1883 vera
1351 1849 1396 1883 et
1414 1843 1548 1890 bona,
1568 1849 1756 1896 utraque

274 1907 387 1949 caeli
405 1913 450 1948 et
469 1906 687 1947 ecclesiae
706 1921 714 1957 ;
748 1920 826 1960 per
846 1909 871 1926 “
888 1905 1099 1947 montes'’
1115 1905 1235 1946 bona
1252 1906 1430 1954 amoris,
1450 1919 1528 1959 per
1547 1908 1573 1926 “
1586 1905 1757 1946 colles''

273 1971 394 2012 bona
415 1970 663 2018 charitatis,
689 1976 734 2010 et
761 1983 840 2023 per
864 1972 889 1989 “
905 1969 1160 2023 appendere
1176 1967 1194 1984 ”
1216 1969 1456 2010 aestimare
1479 1975 1525 2010 et
1552 1969 1757 2023 ordinare

273 2033 519 2075 secundum
551 2033 682 2086 quale
714 2046 892 2074 eorum:
939 2032 1059 2086 quod
1094 2031 1206 2073 haec
1240 2031 1548 2085 significentur
1579 2045 1657 2085 per
1681 2031 1758 2073 illa

273 2097 423 2145 verba,
452 2109 586 2137 nemo
612 2096 764 2137 videre
791 2101 945 2149 potest
972 2095 1054 2136 nisi
1085 2108 1144 2136 ex
1177 2095 1368 2136 scientia
1398 2095 1757 2148 corresponden-

273 2160 449 2201 tiarum.
516 2158 741 2212 Quoniam
768 2158 889 2212 justa
919 2158 1178 2200 aestimatio
1209 2164 1255 2199 et
1287 2157 1544 2210 exploratio
1575 2158 1680 2198 boni
1711 2164 1758 2199 et

271 2223 365 2264 veri
382 2221 660 2276 significatur
677 2236 754 2275 per
774 2225 799 2242 “
813 2235 1046 2262 mensuras
1056 2220 1075 2236 '’
1093 2221 1137 2262 in
1156 2220 1325 2269 Verbo,
1345 2221 1447 2261 ideo
1464 2227 1757 2274 praeceptum

273 2292 344 2327 est
376 2291 424 2327 ut
457 2298 692 2326 mensurae
723 2291 877 2325 essent
904 2284 1068 2338 justae,
1101 2289 1148 2324 et
1185 2296 1277 2324 non
1308 2282 1456 2336 aliqua
1492 2282 1608 2323 fraus
1640 2284 1758 2324 circa

272 2348 387 2397 illas,
416 2348 533 2402 apud
557 2347 725 2397 Mosen,

341 2437 458 2469 “Non
475 2437 613 2468 facietis
630 2437 902 2477 perversitatem
927 2437 963 2468 in
980 2436 1126 2477 judicio,
1147 2435 1184 2467 in
1209 2444 1389 2472 mensura,
1410 2434 1446 2466 in
1472 2435 1641 2475 pondere,
1661 2441 1697 2467 et
1721 2435 1756 2467 in

445 2481 670 2512 dimensione
685 2490 692 2517 ;
709 2480 820 2512 librae
833 2480 963 2520 justae,
979 2480 1115 2521 lapides
1130 2479 1229 2520 justi,
1246 2479 1360 2519 ephah
1377 2478 1485 2519 justa,
1502 2485 1536 2510 et
1552 2478 1614 2509 hin
1627 2478 1755 2519 justus,

445 2530 548 2556 erunt
564 2524 667 2556 vobis
681 2523 698 2535 '¹
716 2523 839 2563 (Levit.
856 2524 926 2556 xix.
944 2531 996 2563 35,
1014 2524 1088 2564 36):

271 2614 318 2650 et
344 2620 520 2661 quoque
542 2606 643 2647 ideo
661 2605 846 2659 justitia,
871 2606 943 2646 ubi
965 2619 1044 2659 per
1059 2604 1184 2648 illam
1206 2603 1475 2657 intelligitur
1496 2604 1754 2645 aestimatio

271 2677 318 2712 et
345 2669 601 2723 exploratio
626 2668 859 2709 hominum
886 2668 1132 2715 secundum
1158 2666 1289 2722 quale
1314 2667 1419 2707 boni
1445 2672 1491 2707 et
1517 2667 1609 2706 veri
1635 2666 1752 2719 apud

270 2734 385 2783 illos,
410 2733 576 2787 passim
598 2732 642 2772 in
665 2731 820 2772 Verbo
842 2732 1109 2784 exprimitur
1126 2744 1204 2784 per
1228 2728 1456 2777 “lances,‘’
1482 2727 1756 2777 “stateras,”

273 2796 485 2845 “libras’'
519 2794 790 2844 “trutinas,”
816 2801 862 2836 et
894 2808 973 2848 per
1005 2793 1224 2848 “ephas,”
1252 2791 1503 2841 “omereS,'’
1532 2791 1753 2833 “chome-

270 2859 380 2909 res,”
409 2862 434 2880 “
446 2858 586 2908 seas,''
614 2861 639 2878 “
653 2857 781 2899 hines
793 2857 813 2873 ”

616 2942 679 2984 (Ut
695 2941 788 2983 apud
805 2926 967 2981 Hiobum,
984 2952 1060 2983 cap.
1077 2942 1124 2974 vi.
1141 2949 1159 2973 2
1173 2951 1181 2981 ς
1206 2950 1281 2982 cap.
1298 2939 1392 2972 xxxi.
1409 2938 1463 2980 6);
