2008 3360
190 350 276 394 904
608 349 942 382 APOCALYPSIS
974 349 1273 381 EXPLICATA.

192 462 361 504 bonum
393 462 556 503 amoris
588 463 631 502 in
669 462 911 503 Dominum
945 474 1076 515 quam
1114 461 1281 503 bonum
1313 461 1545 502 charitatis
1576 474 1686 514 erga

191 526 461 579 proximum.
523 524 660 578 Apud
686 524 888 573 Esaiam,

261 622 408 654 “Erunt
432 632 538 662 super
553 622 652 653 omni
677 627 799 652 monte
823 620 907 657 alto,
926 627 962 652 et
985 630 1092 661 super
1107 620 1205 652 omni
1229 620 1318 652 colle
1335 620 1440 657 elato,
1461 619 1539 657 rivi,
1559 617 1686 651 duetus

366 675 548 706 aquarum,
569 665 605 696 in
622 666 678 697 die
695 665 812 696 caedis
830 674 994 704 magnae,
1013 674 1092 695 eum
1110 664 1236 696 cadent
1252 670 1366 696 turres
1378 663 1396 675 ’'
1413 664 1508 703 (xxx.
1523 663 1598 703 25):

193 760 399 801 ultimum
419 759 644 812 judicium,
668 759 724 800 de
752 773 840 812 quo
866 759 925 799 ibi
951 759 1112 812 agitur,
1136 759 1403 812 intelligitur
1428 772 1506 811 per
1530 758 1686 798 “diem

193 824 342 864 caedis
374 836 566 876 magnae
598 836 698 863 cum
731 822 896 863 cadent
928 828 1071 863 turres
1089 822 1122 873 ;”
1160 823 1360 863 “caedes
1391 820 1586 874 magna”
1617 826 1687 861 est

175 882 398 927 ‘interitus
417 886 648 934 malorum,
669 890 694 906 “
707 885 882 926 turres''
897 899 1010 939 quae
1029 886 1193 926 cadent
1211 892 1314 926 sunt
1333 885 1443 925 salsa
1457 882 1686 925 dofflinae

193 962 307 1003 quae
332 963 391 989 ex
414 962 564 989 amore
587 949 652 989 sui
677 955 723 989 et
750 948 929 998 mundi;
962 948 1081 1002 quod
1107 947 1182 988 illa
1208 961 1286 1001 per
1310 952 1491 988 “turres
1506 946 1525 962 ''
1547 946 1686 999 signi-

195 1011 398 1060 ficentur,
432 1018 501 1052 est
532 1026 591 1052 ex
623 1011 896 1064 apparentiis
926 1011 970 1051 in
1002 1011 1169 1051 mundo
1200 1010 1430 1064 spirituali,
1463 1010 1535 1063 qui
1568 1010 1686 1050 enim

195 1087 274 1128 per
300 1075 408 1115 talia
436 1088 549 1128 quae
573 1074 790 1114 ecclesiae
816 1079 920 1114 sunt
947 1073 1226 1114 dominatum
1253 1079 1485 1127 quaerunt,
1513 1073 1557 1112 in
1583 1071 1687 1112 altis

195 1135 440 1176 &edificant
472 1135 552 1175 Sibi
585 1141 732 1175 turres
764 1145 818 1182 (de
833 1145 949 1182 quibus
963 1145 1107 1174 videatur
1120 1144 1152 1173 in
1171 1145 1326 1183 opusculo
1342 1146 1392 1174 De
1413 1144 1529 1173 Ultimo
1545 1143 1687 1183 Judicio,

194 1205 385 1243 n.56.58):
429 1195 549 1248 quod
585 1194 650 1235 illi
682 1201 791 1235 tunc
823 1194 897 1248 qui
932 1195 977 1234 in
1008 1207 1162 1234 amore
1198 1194 1242 1234 in
1280 1193 1527 1234 Dominum
1559 1200 1605 1233 et
1641 1192 1685 1233 in

196 1257 416 1298 charitate
435 1269 542 1308 erga
561 1256 814 1309 proximum
834 1262 951 1304 sunt,
971 1255 1203 1296 eleventur
1220 1256 1262 1295 in
1281 1255 1452 1295 caelum
1476 1262 1520 1295 et
1544 1254 1686 1295 imbu-

196 1326 328 1360 antur
349 1319 650 1371 intelligentia
672 1326 718 1359 et
741 1319 975 1372 sapientia,
993 1317 1260 1371 intelligitur
1282 1331 1359 1371 per
1377 1318 1495 1370 quod
1521 1322 1687 1358 “erunt

175 1377 177 1379 ’
196 1395 328 1435 super
344 1382 466 1422 omni
484 1388 638 1422 monte
655 1381 750 1422 alto
773 1388 818 1422 et
841 1380 958 1422 colle
972 1380 1116 1430 velato,
1136 1381 1228 1429 rivi,
1249 1379 1406 1420 duetus
1424 1394 1636 1433 aquarum
1654 1379 1688 1431 ;”

199 1447 368 1484 “mons
391 1444 539 1484 altus’'
560 1443 783 1497 significat
806 1444 878 1484 ubi
901 1450 1004 1484 sunt
1027 1444 1099 1497 qui
1122 1444 1165 1483 in
1188 1456 1338 1483 amore
1361 1444 1404 1482 in
1429 1443 1686 1492 Dominum,

197 1512 243 1547 et
271 1506 437 1547 “collis
463 1506 638 1547 elatus’'
664 1507 736 1547 ubi
768 1506 829 1547 illi
856 1507 929 1560 qui
959 1507 1003 1547 in
1034 1506 1253 1547 charitate
1280 1519 1387 1558 erga
1418 1506 1686 1558 proximum,

199 1569 346 1610 “rivi’'
372 1569 623 1622 significant
649 1570 931 1623 sapientiam,
957 1576 1003 1610 et
1028 1567 1224 1609 “duetus
1251 1581 1463 1621 aquarum
1477 1567 1495 1583 ‘’
1521 1567 1687 1608 intelli-

197 1633 414 1685 gentiam,
447 1636 625 1685 “aquae
638 1632 657 1647 '’
688 1634 806 1673 enim
839 1638 942 1673 sunt
973 1645 1078 1673 vera
1109 1645 1168 1672 ex
1200 1631 1358 1685 quibus
1389 1630 1690 1683 intelligentia

198 1702 246 1737 et
270 1696 503 1749 sapientia.
565 1695 702 1750 Apud
728 1695 911 1744 Joelem,

267 1790 378 1822 “Fiet
402 1791 438 1822 in
463 1791 519 1822 die
544 1791 615 1829 illo,
642 1791 827 1823 stillabunt
851 1798 992 1822 montes
1017 1796 1185 1826 mustum,
1205 1796 1240 1821 et
1263 1790 1372 1821 colles
1397 1788 1506 1820 fluent
1529 1786 1632 1826 laete,
1655 1793 1691 1820 et

374 1844 500 1866 omnes
517 1835 582 1866 rivi
598 1835 757 1877 Jehudae
774 1835 884 1866 fluent
900 1833 1030 1875 aquis'’
1047 1834 1106 1874 (iv.
1125 1831 1185 1875 [B.
1202 1834 1249 1865 A.
1266 1831 1332 1874 iii.]
1353 1833 1424 1873 18):

200 1929 348 1982 agitur
369 1929 427 1969 ibi
453 1930 509 1970 de
531 1929 730 1970 adventu
757 1929 952 1977 Domini,
976 1935 1022 1970 et
1048 1929 1104 1969 de
1130 1941 1249 1968 novo
1272 1927 1398 1968 caelo
1424 1933 1470 1968 et
1493 1927 1548 1967 de
1574 1940 1692 1967 nova

200 1998 320 2032 terra
343 1999 447 2032 tunc
467 2007 475 2042 ;
508 1999 553 2033 et
580 2006 656 2046 per
675 1993 793 2046 quod
815 1996 1032 2032 “montes
1054 1991 1289 2032 stillabunt
1313 1987 1508 2030 mustum
1521 1989 1540 2004 ’¹
1557 1989 1690 2029 intel-

201 2054 354 2108 ligitur
384 2056 503 2108 quod
540 2069 598 2095 ex
636 2056 756 2096 bono
787 2055 950 2096 amoris
987 2055 1029 2094 in
1070 2053 1312 2094 Dominum
1345 2067 1478 2093 omne
1510 2065 1690 2102 verum·;

201 2131 280 2171 per
310 2117 429 2170 quod
463 2117 642 2158 “colles
673 2117 811 2158 fluent
843 2115 995 2158 laGte‘’
1025 2115 1292 2168 intelligitur
1323 2115 1443 2169 quod
1480 2129 1539 2155 ex
1571 2115 1692 2155 bono

202 2180 434 2221 charitatis
474 2194 581 2233 erga
620 2181 874 2234 proximum
914 2181 1007 2220 vita
1048 2178 1286 2232 spiritualis
1310 2192 1319 2228 ;
1366 2185 1412 2219 et
1454 2191 1532 2231 per
1571 2176 1692 2230 quod

204 2246 398 2284 “omnes
420 2244 498 2283 rivi
522 2244 722 2296 Jehudae
747 2243 885 2284 fluent
908 2241 1063 2295 aquis”
1085 2240 1350 2294 intelligitur
1372 2241 1491 2294 quod
1517 2254 1577 2281 ex
1602 2240 1692 2279 sin-

203 2304 321 2358 gulis
343 2303 487 2345 Verbi
508 2318 629 2354 vera,
653 2318 732 2357 per
754 2317 868 2357 quae
893 2303 1213 2356 intelligentia.
1270 2312 1349 2351 (Sed
1363 2313 1442 2342 haec
1456 2312 1581 2350 plenius
1595 2311 1695 2349 expli-

203 2379 275 2404 cata
287 2375 574 2412 videantursupra‚
590 2383 621 2404 n.
640 2363 798 2416 376[h].)
855 2363 996 2416 Apud
1020 2362 1220 2411 Nahum,

271 2451 295 2466 ⁴¹
306 2450 362 2483 En
379 2460 487 2536 {2123
501 2451 681 2536 montssms
697 2451 805 2491 pedes
822 2447 1130 2492 evangelizantis[,
1150 2446 1418 2490 proclamantis]
1439 2458 1563 2489 pacem
1573 2446 1592 2460 ”
1608 2447 1656 2488 (ii.
1676 2455 1692 2479 1

432 2518 440 2526 .
495 2518 502 2526 .
519 2504 541 2526 ι.
561 2502 597 2533 15
642 2506 650 2527 :

205 2582 324 2636 apud
348 2582 552 2631 Esaiam,

273 2659 296 2674 ‘¹
307 2658 423 2700 Quam
440 2657 584 2698 jucundi
597 2663 680 2690 sunt
698 2655 821 2700 [super
832 2654 1030 2699 montibus]
1048 2657 1156 2698 pedes
1169 2655 1458 2697 exangelizantis‚
1474 2654 1595 2686 audire
1611 2653 1695 2686 faci-

378 2701 471 2733 entis
489 2710 609 2741 pacem
614 2725 706 2738 .....
713 2702 862 2733 dicentis
878 2701 991 2739 Zioni,
1013 2701 1153 2742 Regnat
1169 2698 1282 2732 [¹]Rex
1298 2706 1378 2731 tuus
1389 2698 1407 2711 ”
1424 2699 1485 2739 (lii.
1503 2699 1555 2739 7):

206 2777 325 2832 apud
350 2777 556 2826 eundem,

274 2853 298 2868 ‘⁸
307 2852 421 2894 Super
433 2858 591 2883 montem
604 2852 714 2884 altum
727 2853 880 2884 ascende
893 2852 1249 2893 tibi,evangelizatrix
1262 2851 1364 2888 Zion:
1389 2849 1520 2882 extolle
1533 2859 1612 2881 cum
1625 2849 1697 2880 vir-

380 2902 454 2928 tute
470 2905 595 2927 vocem
612 2901 719 2934 tuam,
740 2896 1016 2936 evangelizatrix
1034 2895 1289 2936 Hierosolyma
1299 2894 1317 2907 '’
1334 2894 1394 2935 (xl.
1411 2894 1464 2935 9):

207 2985 318 3027 haec
344 2984 400 3026 de
425 2984 623 3026 adventu
654 2984 849 3034 Domini,
877 2991 923 3025 et
950 2984 1005 3025 de
1033 2983 1283 3025 salvatione
1310 2995 1462 3023 eorum
1489 2987 1595 3023 tunc
1621 2980 1696 3035 qui
