2008 3360
266 349 354 407 694
681 359 1014 393 APOCALvPffls
1046 360 1346 394 EXPLICATA.

265 488 293 517 a
317 474 438 516 malo
463 474 507 515 in
533 474 699 515 malum
722 480 907 523 exeunt,
932 487 1014 514 nec
1043 473 1119 515 Me
1145 474 1405 516 noverunt.”
1463 474 1601 529 Apud
1623 474 1754 524 Jere-

236 542 239 545 ’
264 537 415 588 miam,

333 626 457 659 “Ecce
479 627 571 667 Ego.
586 652 594 659 .
607 627 815 659 ,ascendere
834 627 970 658 faciens
994 632 1120 658 contra
1140 626 1308 659 Babelem
1329 628 1644 668 congregationem
1669 639 1756 670 gen·

438 671 524 702 tium
540 681 749 711 magnarum
763 681 782 702 e
796 677 890 702 terra
907 670 1162 710 septentrionis
1176 680 1201 708 ;.
1215 695 1222 703 .
1237 695 1245 703 .
1258 671 1346 703 ‚tela
1358 671 1438 712 ejus
1450 673 1540 703 sicut
1554 672 1668 710 tortis,
1681 682 1754 703 non

438 720 636 746 revertetur
646 714 756 745 ullum
768 723 898 745 vanum
914 725 952 745 z..
968 738 975 745 .
990 713 1184 754 ,disponite
1196 721 1320 746 contra
1334 715 1502 746 Babelem
1516 715 1752 753 circumcirca.

438 767 566 789 omnes
582 758 770 789 tendentes
787 767 919 794 arcum,
938 757 1146 797 jaculamini
1163 765 1288 789 contra
1304 768 1395 796 eam,
1416 768 1483 790 nec
1499 759 1634 799 parcite
1650 759 1752 791 telis:

444 801 638 834 ....audiri
667 801 772 832 facite
800 807 924 832 contra
955 800 1123 832 Babelem
1152 801 1378 842 jaculatores,
1411 812 1537 834 omnes
1565 802 1755 834 tendentes

437 854 558 876 arcum
576 844 878 876 castrametamini
896 850 1021 875 contra
1037 854 1117 876 eam
1134 845 1369 883 circumcirca,
1391 855 1436 876 ne
1460 846 1505 877 sit
1529 845 1580 877 illi
1604 846 1727 877 evasio
1737 845 1756 858 ''

438 887 473 928 (l.
488 898 518 929 9,
536 897 587 927 14,
602 896 654 929 29,
668 896 710 927 42
724 897 732 926 ς
764 898 839 928 cap.
854 888 890 919 li.
908 888 959 927 3):

262 993 342 1034 per
363 980 473 1021 haec
506 980 772 1021 describitur
803 979 960 1020 totalis
992 979 1250 1021 devastatio
1275 981 1367 1021 veri
1399 981 1517 1034 apud
1549 980 1650 1022 illos
1682 981 1755 1035 qui

241 1055 341 1096 1per
369 1042 654 1083 “Babelem”
678 1042 1007 1095 intelliguntur,
1035 1043 1108 1096 qui
1134 1050 1237 1084 sunt
1265 1044 1338 1097 qui
1366 1043 1574 1084 Divinam
1601 1050 1754 1097 potes-

263 1110 406 1148 tatem
439 1106 521 1146 sibi
557 1112 787 1158 arrogant,
821 1113 866 1146 et
899 1105 1078 1159 quidem
1113 1105 1356 1147 Dominum
1389 1114 1643 1160 agnoscunt
1675 1107 1754 1148 sed

263 1167 499 1221 deprivant
515 1168 646 1209 Illum
662 1169 781 1209 omni
797 1169 1003 1222 potentia
1017 1167 1235 1216 salvandi,
1248 1176 1293 1210 et
1310 1170 1382 1222 qui
1400 1170 1503 1210 inde
1517 1170 1754 1223 profanant

263 1229 428 1271 Divina
453 1245 585 1281 vera;
617 1238 662 1272 et
688 1232 790 1284 quia
815 1245 948 1285 quam
982 1232 1180 1272 maxime
1212 1233 1471 1286 providetur
1502 1247 1527 1273 a
1560 1233 1756 1274 Domino

263 1306 320 1335 ne
337 1295 531 1347 genuina
549 1308 653 1335 vera
671 1294 974 1347 profanentur,
993 1294 1096 1335 ideo
1117 1294 1194 1335 illa
1211 1309 1390 1348 prorsus
1412 1297 1462 1336 iis
1480 1295 1752 1345 auferuntur,

240 1373 243 1376 “
262 1362 309 1398 et
327 1356 429 1397 loco
446 1370 598 1397 eorum
618 1357 874 1398 imbuuntur
892 1358 1024 1398 meris
1042 1357 1162 1398 salsis
1179 1371 1187 1398 ε
1216 1371 1294 1411 per
1313 1359 1755 1411 “congregationem

252 1420 466 1473 'gentium
490 1433 752 1473 magnarum
775 1435 801 1461 e
822 1427 941 1461 terra
963 1421 1285 1474 septentrionis
1298 1420 1316 1435 ”
1336 1421 1644 1474 significantur
1661 1422 1756 1463 dira

262 1481 382 1522 mala
414 1484 694 1535 assurgentia
720 1497 778 1524 ex
805 1483 1004 1534 inferno;
1039 1487 1238 1536 “gentes
1271 1483 1495 1537 magnae”
1522 1490 1626 1525 sunt
1659 1484 1754 1525 dira

219 1566 225 1602 53
262 1544 395 1594 mala,
424 1551 469 1586 et
498 1549 655 1586 “terra
686 1545 1042 1599 septentrionis”
1067 1552 1137 1587 est
1174 1546 1393 1587 infernum
1428 1547 1500 1587 ubi
1532 1546 1640 1587 nihil
1673 1547 1755 1587 nisi

261 1606 447 1648 salsum:
490 1621 569 1661 per
602 1608 731 1649 “tela
762 1608 854 1660 ejus
891 1609 1006 1650 sicut
1038 1608 1177 1657 fortis,
1211 1622 1302 1650 non
1334 1616 1586 1650 revertetur
1616 1609 1754 1650 ullum

261 1670 467 1719 vanum,’'
489 1670 765 1723 significatur
787 1671 907 1724 quod
934 1671 1039 1712 inde
1064 1672 1319 1712 imbuentur
1342 1672 1473 1712 meris
1496 1671 1644 1722 salsis;
1677 1685 1755 1725 per

264 1733 527 1786 “disponite
559 1740 718 1774 contra
751 1733 965 1775 Babelem
999 1735 1298 1782 circumcirca,
1323 1748 1479 1775 omnes
1511 1735 1754 1775 tendentes

262 1808 428 1844 arcum,
442 1795 698 1848 jaculamini
717 1804 877 1837 contra
894 1810 1008 1845 eam,
1028 1810 1109 1838 nec
1133 1798 1303 1850 parcite
1321 1797 1462 1845 telis,”
1479 1796 1755 1850 significatur

262 1859 382 1912 quod
408 1858 610 1900 similiter
635 1860 782 1913 quoad
815 1861 965 1900 omnia
990 1858 1282 1910 do&rinalia;
1317 1860 1473 1901 totalis
1499 1860 1754 1900 devastatio

261 1921 355 1962 veri
386 1922 502 1974 apud
537 1921 651 1970 illos,
675 1922 953 1975 significatur
979 1936 1058 1976 per
1086 1927 1280 1963 “omnes
1313 1923 1556 1963 tendentes
1587 1935 1752 1971 arcum,

261 1985 646 2025 castrametamini
672 1991 831 2026 contra
856 1999 956 2026 eam
982 1986 1283 2035 circumcirca,
1310 1999 1366 2026 ne
1393 1987 1450 2026 sit
1477 1985 1540 2026 illi
1566 1984 1754 2026 evasio.'’

261 2045 400 2101 Apud
427 2047 631 2097 Esaiam,

330 2145 354 2159 ⁸⁰
367 2144 442 2184 Ego
453 2144 612 2175 excitans
625 2150 749 2175 contra
758 2155 821 2176 eos
832 2144 991 2182 Medum,
1005 2145 1063 2186 qui
1073 2151 1261 2185 argentum
1273 2155 1345 2176 non
1358 2144 1609 2182 aestimabunt,
1622 2150 1657 2175 et
1667 2153 1755 2175 auro

437 2197 509 2218 non
521 2186 802 2226 delectabuntur,
817 2198 966 2229 quorum
979 2198 1082 2220 arcus
1093 2188 1243 2229 juvenes
1255 2188 1413 2226 allident,
1428 2194 1462 2219 et
1473 2186 1608 2219 fructus
1619 2188 1754 2219 ventris

436 2241 508 2262 non
521 2231 783 2262 miserebuntur
797 2241 819 2269 ;.
835 2257 842 2264 .
856 2257 863 2263 .
878 2257 885 2264 .
894 2232 944 2263 sic
956 2233 1023 2264 erit
1036 2231 1146 2263 Babel
1151 2256 1244 2270 .....
1252 2232 1343 2263 sicut
1355 2232 1494 2263 eversio
1508 2231 1586 2269 Dei,
1598 2231 1751 2262 Sodoma

437 2281 472 2306 et
489 2274 692 2306 Gomorrha
702 2274 720 2286 ''
737 2275 824 2315 (xiii.
841 2276 981 2317 17-19):

237 2353 242 2360 ⁶
262 2365 401 2406 etiam
419 2364 531 2405 haec
551 2364 608 2405 de
631 2364 814 2414 Babele,
835 2371 880 2406 et
904 2365 960 2406 de
978 2365 1298 2406 devastatione
1317 2366 1515 2406 omnium
1534 2363 1752 2405 ecclesiae

263 2428 383 2482 apud
405 2427 507 2468 illos
529 2428 602 2481 qui
625 2442 703 2482 per
720 2428 1008 2469 “Babelem’'
1030 2428 1361 2481 intelliguntur,
1382 2428 1438 2468 de
1461 2427 1619 2481 quibus
1642 2440 1752 2467 mox

262 2504 421 2545 supra:
460 2504 539 2545 per
567 2490 790 2531 “Medum
803 2490 821 2506 ’¹
847 2490 1158 2544 significantur
1189 2492 1263 2545 qui
1295 2491 1421 2531 nihili
1453 2491 1620 2531 faciunt
1647 2503 1752 2530 vera

262 2560 309 2596 et
326 2555 446 2595 bona
464 2553 576 2595 caeli
594 2560 639 2594 et
658 2553 877 2595 ecclesiae
895 2568 904 2605 ;
938 2568 1073 2608 quare
1088 2554 1144 2595 de
1161 2553 1248 2594 illis
1264 2554 1440 2602 dicitur,
1461 2554 1571 2606 “qui
1589 2565 1751 2605 argen-

262 2624 361 2659 tum
393 2630 483 2658 non
515 2617 836 2665 aestimabunt,
871 2624 916 2658 et
954 2631 1062 2658 auro
1093 2630 1183 2657 non
1215 2615 1610 2665 dele&abuntur;‘’
1645 2619 1752 2655 “ar-

262 2679 484 2734 gentum”
511 2679 735 2732 significat
768 2693 936 2728 verum,
965 2686 1011 2720 et
1046 2683 1240 2720 “aurum
1253 2679 1272 2694 ”
1304 2679 1486 2726 bonum,
1515 2684 1752 2731 utrumque

198 2736 200 2738 ¹
261 2742 505 2784 ecclesiae:
535 2756 613 2795 per
629 2741 843 2782 “illorum
861 2756 989 2783 arcus
1008 2744 1081 2797 qui
1094 2742 1282 2796 juvenes
1300 2741 1506 2789 allident,
1522 2747 1567 2781 et
1586 2738 1751 2781 fructus

261 2807 433 2847 ventris
465 2819 555 2846 non
593 2805 962 2854 miserebuntur,''
994 2804 1305 2859 significantur
1337 2802 1602 2845 d06³crinalia
1638 2817 1752 2856 quae

262 2869 500 2909 destruent
533 2880 665 2908 omne
697 2880 850 2907 verum
883 2874 929 2908 et
962 2881 1095 2908 omne
1126 2867 1293 2908 bonum
1326 2867 1455 2916 inde;
1500 2865 1719 2918 “juvenes
1732 2864 1752 2880 ’'

262 2930 519 2984 significant
546 2944 664 2979 vera,
692 2936 739 2971 et
769 2929 972 2971 “fructus
998 2931 1169 2971 ventris
1182 2930 1201 2946 '¹
1227 2930 1371 2971 bona:
1411 2935 1456 2969 et
1484 2929 1585 2982 quia
1617 2941 1751 2968 omne

263 2994 432 3036 malum
463 2994 551 3035 illis
580 3000 650 3034 est
682 3007 741 3034 ex
767 3006 920 3034 amore
946 2994 1026 3044 sui,
1055 3000 1101 3035 et
1133 3006 1267 3034 omne
1293 2992 1452 3033 salsum
1484 2997 1554 3032 est
1586 2990 1750 3049 exillo
