2008 3360
549 327 656 360 CAP.
677 328 758 368 VI„
781 328 919 361 VERs.
944 320 1090 361 8.—N.
1115 314 1281 374 386[b].
1580 331 1662 374 797

171 440 277 495 quid
309 441 352 481 in
380 453 514 481 sensu
539 440 756 494 spirituali
782 440 1058 495 significatur
1082 455 1162 496 per
1185 441 1305 496 quod
1334 444 1461 482 “non
1487 443 1664 483 venturi

171 504 261 544 sint
292 504 336 544 in
367 502 674 556 Aegyptum‚”
702 510 747 545 et
779 505 899 558 quod
931 511 1037 546 tunc
1070 508 1097 525 “
1108 505 1276 558 gladio,
1309 505 1425 545 fame
1456 511 1503 545 et
1535 511 1664 558 peste

171 567 371 606 morituri
393 566 482 606 sint
500 565 533 615 ;’'
563 566 683 620 quod
702 580 864 620 nempe
881 568 917 608 si
939 581 1061 609 mere
1078 567 1306 609 naturales
1323 567 1495 615 fierent,
1515 568 1662 621 depri-

170 635 382 670 varentur
403 629 525 669 omni
547 642 667 677 vero,
691 629 812 670 bono
837 644 888 671 ac
911 631 1004 671 vita
1026 630 1268 684 spirituali:
1301 630 1518 671 naturalis
1544 631 1662 671 enim

170 692 307 732 homo
329 699 560 745 separatus
586 706 612 732 a
637 693 854 746 spirituali
879 694 922 733 in
947 693 1067 734 falsis
1089 700 1135 735 et
1158 694 1286 734 malis
1310 700 1395 742 est,
1418 701 1464 734 et
1490 694 1594 734 inde
1619 694 1662 734 in

169 753 265 793 Vita
289 752 495 793 infernali
514 766 524 803 ;
556 763 659 802 (quod
674 765 824 793 naturalis
838 765 937 794 homo
951 770 1113 803 separatus
1127 775 1147 794 a
1160 765 1312 803 spirituali
1326 765 1397 794 talis
1410 766 1459 799 sit.
1473 765 1618 794 videatur
1632 765 1664 795 in

170 817 328 845 Doctrina
341 817 451 845 Novae
463 817 705 854 Hierosolymae,
721 826 752 846 n.
768 826 817 854 47,
833 819 905 856 483)
927 808 1032 848 ideo
1053 808 1218 849 dicitur
1237 808 1359 861 qUOd
1384 809 1421 848 Sl
1446 821 1502 848 ΕΟ
1522 821 1662 848 vene·

169 868 272 916 rint,
293 872 318 888 ‘⁸
331 867 462 908 futuri
480 869 569 909 sint
590 869 635 908 in
654 867 1081 910 maledietionemet
1099 876 1327 923 stuporem
1346 870 1480 923 inque
1497 882 1662 922 oppro-

169 930 325 978 brium,
359 944 503 984 neque
534 932 666 971 visuri
698 931 846 972 locum
878 932 1047 982 hunc;”
1077 946 1156 986 per
1188 932 1374 973 “locum
1406 946 1539 986 quem
1572 945 1662 973 non

168 993 333 1033 visuri”
364 993 631 1047 intelligitur
667 1000 814 1035 status
850 995 1043 1035 hominis
1080 994 1334 1048 spiritualis,
1366 994 1510 1036 simile
1541 995 1662 1049 quod

169 1069 248 1109 per
286 1059 491 1097 “terram
532 1056 828 1098 Canaanem.''
892 1057 1020 1098 Talia
1060 1059 1196 1099 etiam
1236 1057 1545 1111 significantur
1584 1072 1662 1111 per

169 1114 542 1160 murmurationes
556 1119 743 1160 filiorum
764 1120 941 1160 Israelis
958 1122 1002 1161 in
1017 1121 1213 1168 deserto,
1229 1121 1348 1174 quod
1367 1122 1504 1161 toties
1518 1121 1661 1162 redire

168 1180 391 1223 voluerint
417 1182 460 1222 in
487 1182 783 1236 Aegyptum;
816 1197 951 1236 quare
977 1184 1114 1224 etiam
1141 1184 1248 1224 data
1273 1183 1359 1224 illis
1384 1190 1454 1224 est
1480 1197 1659 1231 manna,

169 1257 247 1297 per
277 1258 410 1298 quam
441 1245 717 1298 significatur
748 1247 933 1287 nutritio
969 1246 1209 1300 spiritualis
1248 1245 1409 1301 (Exod.
1435 1248 1526 1288 xvi.
1553 1258 1592 1297 2,
1621 1259 1659 1300 3,

167 1317 264 1360 7—9‚
287 1307 376 1362 22).
436 1307 575 1362 Apud
600 1308 883 1358 Ezechielem,

237 1407 259 1421 ‘⁴
271 1406 423 1448 Quando
437 1404 664 1439 [¹lextendero
681 1417 827 1439 manum
845 1418 960 1439 meam
975 1408 1127 1440 contra”
1140 1409 1285 1440 domum
1304 1407 1458 1446 Israelis,
1476 1410 1499 1423 ‘¹
1511 1416 1549 1440 ut
1566 1409 1661 1440 fran-

340 1460 422 1491 gam
448 1451 497 1482 illi
522 1451 683 1482 baculum
709 1454 822 1492 panis,
843 1458 878 1483 et
900 1452 1036 1483 mittam
1062 1452 1097 1483 in
1117 1462 1196 1483 eam
1221 1452 1364 1490 famem,
1384 1453 1660 1494 exscindamque

341 1504 386 1526 ex
398 1504 441 1526 ea
452 1495 634 1526 hominem
648 1501 684 1526 et
696 1495 847 1526 bestiam
861 1505 885 1533 ;.
900 1520 907 1527 .
922 1520 929 1527 .
944 1496 1101 1536 .quando
1112 1495 1223 1527 feram
1236 1496 1365 1527 malam
1377 1497 1528 1528 transire
1542 1497 1660 1528 secero

341 1547 404 1578 per
416 1544 557 1576 terram,
573 1544 609 1570 et
625 1539 804 1570 orbaverit
817 1539 925 1575 illam,
941 1546 980 1570 ut
996 1539 1056 1570 fiat
1068 1539 1242 1571 desolatio
1255 1549 1279 1576 ς.
1293 1564 1302 1572 .
1315 1565 1323 1572 .
1338 1540 1497 1580 .quando
1510 1547 1661 1581 quatuor

340 1581 472 1622 judicia
489 1592 570 1613 mea
592 1583 697 1620 mala,
717 1583 874 1623 gladium
899 1590 934 1614 et
957 1583 1089 1614 famem
1113 1589 1149 1614 et
1172 1583 1283 1614 feram
1308 1584 1439 1614 malam
1464 1590 1499 1615 et
1523 1589 1659 1624 pestem

341 1625 472 1656 misero
489 1635 596 1666 super
613 1625 915 1666 Hierosolymam,
935 1627 980 1658 ad
1003 1626 1282 1658 exscindendum
1299 1637 1344 1658 ex
1359 1637 1402 1658 ea
1424 1628 1608 1659 hominem
1625 1633 1661 1659 et

341 1669 491 1700 bestiam
503 1668 521 1682 ''
537 1669 621 1709 (xiv.
632 1678 689 1709 13,
706 1677 756 1709 15,
771 1670 826 1710 21)
838 1681 846 1702 :

167 1779 246 1819 per
276 1766 385 1807 haec
417 1766 683 1808 describitur
713 1768 909 1808 vastatio
941 1767 1186 1818 ecclesiae;
1221 1767 1418 1809 “domus
1450 1767 1660 1809 Israelis”

166 1834 213 1868 et
252 1828 645 1883 “Hierosolyma'’
681 1837 751 1872 est
788 1830 1008 1881 ecclesia;
1052 1845 1131 1884 per
1168 1831 1413 1885 “frangere
1450 1832 1658 1872 baculum

167 1891 293 1943 panis
304 1890 323 1906 ”
341 1892 617 1945 significatur
634 1893 863 1934 destruere
885 1907 1019 1934 omne
1041 1893 1238 1935 caeleste
1261 1901 1306 1935 et
1329 1894 1558 1947 spirituale
1580 1908 1659 1947 per

166 1967 280 2006 quae
303 1956 553 2004 nutrienda,
578 1957 742 2010 “panis
754 1956 774 1971 '’
796 1958 913 1997 enim
936 1956 1125 1997 involvit
1147 1970 1281 1998 omne
1303 1956 1415 1997 caeli
1441 1963 1487 1997 et
1510 1956 1657 1998 eccle-

166 2017 271 2065 siae,
299 2030 376 2058 seu
401 2031 583 2059 omnem
609 2020 900 2060 nutritionem
927 2018 1230 2072 spiritualem;
1262 2026 1308 2060 et
1335 2033 1413 2073 per
1437 2020 1667 2060 “exscin-

166 2079 273 2121 dere
297 2080 526 2122 hominem
552 2088 598 2122 et
624 2082 846 2123 bestiam‘’
868 2081 1143 2135 significatur
1167 2096 1347 2123 omnem
1374 2081 1656 2124 affe&ionem

166 2143 442 2196 spiritualem
456 2152 502 2185 et
521 2144 771 2185 naturalem
788 2159 797 2195 ;
821 2159 956 2198 quare
971 2144 1312 2198 per“gladium,
1328 2145 1506 2193 samem,
1522 2145 1658 2186 feram

166 2206 331 2247 malam
363 2214 410 2248 et
442 2208 655 2261 pestem,’'
681 2208 957 2260 significatur
983 2206 1227 2249 destruetio
1252 2209 1344 2249 veri
1376 2222 1454 2262 per
1484 2208 1657 2256 falsum,

166 2269 272 2310 boni
308 2283 386 2323 per
423 2270 603 2319 malum,
637 2270 883 2312 affefi‘tionis
919 2271 1012 2311 veri
1048 2277 1094 2311 et
1131 2271 1236 2312 boni
1271 2285 1350 2324 per
1387 2271 1658 2324 cupiditates

166 2333 375 2374 oriundas
400 2347 459 2374 ex
485 2334 708 2374 amoribus
735 2334 877 2382 malis,
906 2341 952 2374 et
983 2333 1088 2374 inde
1113 2332 1359 2375 exstinCtio
1385 2335 1506 2374 vitae
1531 2334 1657 2386 spiri-

166 2395 311 2436 tualis.
374 2395 501 2437 Haec
524 2403 744 2438 vocantur
768 2401 996 2450 “quatuor
1015 2395 1179 2449 judicia
1204 2396 1360 2444 mala,”
1382 2410 1495 2450 quae
1522 2397 1658 2437 etiam

165 2457 479 2511 intelliguntur
493 2472 571 2512 per
587 2463 611 2479 ‘⁶
624 2459 839 2512 gladium,
852 2459 1029 2507 samem,
1043 2465 1234 2500 mortem
1249 2466 1294 2500 et
1309 2459 1446 2500 feram
1462 2459 1626 2499 malam
1639 2459 1659 2473 ”

165 2521 209 2560 in
231 2521 317 2562 hoc
339 2535 469 2562 versu
486 2522 525 2562 A
527 2522 811 2575 pocalypseos
823 2536 843 2569 ‚·
874 2522 992 2575 quod
1016 2522 1073 2562 sit
1090 2523 1287 2563 vastatio
1309 2522 1527 2563 ecclesiae
1545 2536 1658 2576 quae

165 2584 229 2623 ita
266 2584 543 2633 describitur,
578 2592 719 2638 patet.
795 2585 900 2625 Tria
936 2584 1054 2625 mala
1090 2599 1203 2638 quae
1239 2584 1545 2638 significantur
1582 2599 1659 2638 per

168 2650 193 2666 “
207 2646 384 2695 samem,
402 2647 602 2700 gladium
624 2654 670 2688 et
694 2646 908 2701 pestem,'’
925 2648 1063 2687 etiam
1080 2648 1347 2688 annuntiata
1368 2654 1472 2688 sunt
1495 2648 1658 2688 Davidi

165 2721 191 2749 a
218 2708 344 2749 Gade
371 2710 604 2763 propheta,
628 2717 869 2763 postquam
892 2717 1203 2751 numeraverat
1225 2710 1437 2763 populum
1467 2709 1511 2763 (2
1536 2709 1655 2750 Sam.
1687 2756 1692 2762 .

165 2773 292 2812 xxiv.
321 2772 415 2825 13):
450 2787 526 2813 cur
555 2773 631 2813 illa
664 2773 825 2813 Davidi
856 2772 1122 2813 denuntiata
1153 2774 1242 2814 sint
1274 2779 1511 2826 propterea
1538 2773 1656 2826 quod

167 2836 464 2876 numeraverit
491 2836 717 2889 populum,
742 2849 876 2875 nemo
902 2836 1013 2876 scire
1039 2842 1191 2888 potest
1219 2837 1299 2876 nisi
1326 2837 1398 2889 qui
1425 2837 1509 2875 scit
1536 2836 1655 2888 quod

166 2897 355 2950 populus
374 2899 550 2939 Israelis
568 2899 972 2951 repraesentaverit
990 2905 1035 2939 et
1054 2899 1157 2939 inde
1175 2898 1494 2952 significaverit
1509 2897 1655 2938 eccle-

165 2961 276 3001 siam
302 2962 448 3014 quoad
476 2963 625 3003 omnia
651 2962 742 3014 ejus
768 2975 872 3002 vera
898 2969 944 3003 et
971 2962 1102 3011 bona,
1130 2970 1176 3003 et
1202 2962 1321 3016 quod
1350 2967 1374 2982 ‘⁶
1391 2975 1623 3002 numerare
1636 2961 1656 2976 ”
