2008 3432
609 380 716 412 CAP.
740 380 821 420 vr,
845 379 983 414 VERs.
1007 378 1155 412 2.-—.N.
1181 379 1203 421 3
1211 378 1230 422 5
1238 366 1358 422 5-[d].
1635 366 1722 423 675

226 494 404 550 equitis,
421 499 550 535 rotae
577 499 623 534 et
650 507 803 534 currus
828 491 1251 540 commovebuntur,
1280 488 1595 543 significantur
1616 501 1726 530 vera

224 557 443 606 tutantia,
482 570 596 611 quae
633 556 678 596 in
716 569 884 609 genere
923 560 1043 611 sunt,
1081 553 1204 608 quod
1244 552 1368 593 Deus
1406 553 1480 602 sit,
1519 558 1567 593 et
1603 552 1726 606 quod

228 620 432 662 Verbum
463 620 522 661 sit
562 619 790 665 Divinum,
824 624 871 659 et
910 617 1030 672 quod
1061 617 1155 658 vi-ta
1186 622 1374 657 aeterna
1404 615 1489 667 sit;
1531 615 1577 656 hi
1598 612 1727 673 vmuri

228 698 307 725 seu
343 683 456 724 haec
498 696 605 724 vera
644 682 854 722 dicuntur
893 679 1207 722 “commoveri
1244 693 1353 732 prae
1390 692 1504 739 voce
1545 678 1723 732 equitis,

227 753 357 788 rotae
380 752 430 787 et
456 744 648 793 curruS,”
675 745 856 798 quando
882 744 926 785 in
952 743 1134 784 dubium
1157 743 1345 783 veniunt
1372 755 1452 795 per
1475 740 1589 782 falsa
1612 741 1725 783 doc-

228 810 374 851 trinae
400 815 447 850 et
480 822 558 863 per
583 807 956 849 ratiocinationes
981 821 1040 848 ex
1063 805 1180 847 illis:
1214 818 1293 859 per
1321 804 1553 858 “ungulas
1584 818 1725 858 equo-

227 872 356 913 rum'’
392 886 471 926 per
511 885 622 925 quas
660 869 949 912 conculca-bit
987 883 1145 911 omnes
1177 868 1370 923 plateaS,
1414 866 1726 921 significantur

224 942 438 977 extrema
474 933 693 976 naturalis
730 933 941 982 hominis,
980 947 1095 987 quae
1131 938 1355 973 vocantur
1391 930 1630 980 sensualia,
1663 945 1724 972 ex

227 999 387 1052 quibus
413 1011 572 1039 omnes
598 996 850 1047 falsitates;
887 995 1105 1050 “plateae
1117 994 1136 1011 ’'
1167 1008 1278 1049 quas
1306 1007 1385 1048 per
1410 993 1511 1034 illas
1536 993 1723 1043 concul-

229 1062 366 1111 cabit,
386 1068 491 1102 sunt
510 1075 616 1102 vera
638 1059 872 1101 doctrinae
895 1058 1130 1107 ecclesiae,
1150 1072 1264 1113 quae
1287 1072 1468 1112 prorsus
1492 1057 1724 1099 destruet:

229 1139 309 1179 per
335 1123 590 1179 “populum
603 1123 622 1138 '’
648 1123 723 1177 qui
754 1122 908 1176 gladio
940 1122 1090 1171 cadet,
1118 1120 1430 1175 significantur
1461 1134 1620 1162 omnes
1652 1121 1727 1174 qui

230 1189 273 1229 in
305 1189 421 1228 veris
453 1193 572 1235 sunt,
597 1192 644 1227 et
675 1183 905 1226 abstra6te
938 1186 1090 1226 omnia
1114 1198 1235 1225 vera.
1296 1183 1434 1238 Apud
1461 1183 1724 1232 Jeremiam,

298 1285 322 1299 ¹⁸
333 1283 460 1316 Gladie
473 1289 598 1315 contra
612 1282 803 1314 mendaces
821 1288 859 1313 ut
876 1282 1098 1320 stultescant,
1113 1281 1230 1322 gladie
1247 1286 1372 1313 contra
1385 1280 1496 1312 fortes
1513 1286 1552 1312 ut
1568 1285 1728 1312 conster—

405 1334 546 1364 nentur,
565 1327 682 1367 gladie
707 1332 831 1357 contra
855 1335 966 1366 equos
983 1325 1061 1366 ejus
1078 1331 1114 1357 et
1137 1332 1262 1356 contra
1284 1334 1408 1356 currus
1425 1324 1504 1365 ejus
1508 1349 1601 1362 .....
1608 1324 1727 1366 gladie

404 1378 530 1403 contra
546 1371 734 1402 thesauros
751 1369 829 1410 ejus
854 1376 892 1400 ut
908 1370 1142 1410 diripiantur:
1165 1369 1307 1400 siccitas
1324 1378 1432 1409 super
1447 1378 1558 1409 aquas
1582 1374 1622 1400 ut
1644 1378 1727 1408 exa-

405 1421 556 1452 rescant,
577 1414 659 1455 quia
674 1420 770 1445 terra
785 1413 1001 1454 sculptilium
1019 1412 1108 1444 illa’'
1124 1412 1159 1453 (1.
1176 1410 1265 1454 [36,]
1285 1419 1338 1452 37,
1354 1413 1429 1452 38):

231 1517 310 1557 per
337 1501 608 1556 “gladium'’
646 1500 925 1554 significatur
950 1514 1113 1555 ,pugna
1148 1500 1241 1541 veri
1278 1506 1439 1541 contra
1475 1488 1726 1541 falsum'ac

231 1566 331 1608 falsi
372 1573 533 1607 contra
572 1578 728 1606 verum
768 1571 815 1606 et
856 1565 960 1605 inde
1000 1564 1215 1613 vastatio,
1258 1563 1330 1604 hic
1372 1564 1599 1614 vastatio;
1648 1577 1727 1618 per

234 1628 549 1671 “mendaces''
575 1635 621 1669 et
647 1642 726 1682 per
755 1628 963 1669 “fortes’‘
989 1627 1302 1681 significantur
1326 1627 1439 1668 salsa
1471 1634 1516 1668 et
1544 1618 1727 1668 ratioci-

231 1693 442 1734 nationes
481 1706 540 1732 ex
578 1691 679 1740 illis,
720 1691 882 1732 similia
918 1705 997 1745 per
1036 1690 1245 1744 “equos'’
1281 1696 1329 1732 et
1370 1694 1560 1732 “currus
1578 1690 1612 1741 ;”
1649 1704 1729 1744 per

233 1760 260 1776 ‘⁸
274 1756 512 1797 thesauros
525 1755 544 1770 ’'
561 1755 635 1809 qui
658 1755 936 1808 diripientur,
961 1753 1271 1807 significantur
1293 1754 1445 1795 omnia
1467 1752 1699 1795 doctrinae
1717 1767 1726 1805 ;

224 1833 312 1873 -per
345 1819 638 1859 “siccitatem
675 1832 808 1872 super
843 1831 982 1871 aquas
1019 1823 1068 1858 ut
1105 1817 1418 1867 exarescant,’'
1449 1816 1728 1870 significatur

231 1882 459 1923 desolatio
490 1883 582 1923 veri
617 1881 894 1935 (“siccitas''
926 1887 996 1922 est
1028 1880 1267 1930 desolatio,
1301 1887 1348 1922 et
1383 1880 1596 1935 “aquae'’
1622 1887 1728 1922 sunt

233 1945 389 2000 vera):
423 1946 470 1987 et
502 1947 605 2000 quia
636 1946 788 1986 omnia
819 1945 932 1986 salsa
963 1959 1022 1985 ex
1055 1945 1235 1998 propria
1265 1944 1573 1998 intelligentia
1605 1951 1726 1992 sunt,

233 2010 336 2051 ideo
361 2010 538 2058 dicitur,
565 2010 707 2063 “quia
729 2015 850 2050 terra
873 2007 1148 2061 sculptilium
1170 2007 1247 2048 illa
1265 2007 1299 2058 ;”
1334 2012 1492 2049 “terra
1504 2008 1523 2022 ”
1549 2008 1607 2048 ibi
1634 2008 1728 2061 sig-

231 2072 387 2117 nificat
410 2073 631 2120 haeresin,
656 2078 703 2113 et
729 2070 1025 2125 “sculptilia'’
1047 2070 1304 2124 significant
1327 2085 1440 2124 quae
1463 2085 1522 2111 ex
1549 2071 1728 2124 propria

234 2133 556 2186 intelligentia.
601 2144 714 2182 (Quod
728 2144 808 2174 haec
826 2153 884 2182 per
898 2140 915 2151 ⁴¹
927 2143 1115 2180 sculptilia,''
1130 2139 1148 2151 ‘⁴
1159 2142 1262 2172 fusilia
1272 2143 1288 2152 ''
1303 2148 1334 2172 et
1347 2140 1364 2151 ⁴¹
1376 2142 1489 2172 idola''
1503 2143 1729 2181 significentur,

234 2197 379 2227 videatur
397 2207 428 2227 n.
445 2198 534 2236 8869,
551 2198 764 2235 8941,1o4o6,
787 2196 910 2235 10503.)
968 2185 1108 2239 Apud
1133 2186 1346 2235 eundem,
1627 2192 1643 2198 ’“
1689 2193 1691 2195 ’

302 2275 428 2308 “Ecce
452 2276 542 2307 sicut
565 2276 678 2307 nubes
701 2275 883 2312 ascendet,
903 2280 938 2306 et
962 2274 1052 2306 sicut
1068 2274 1223 2314 procella
1238 2284 1361 2306 currus
1379 2273 1468 2314 ejus,
1489 2273 1622 2306 celeres
1646 2279 1731 2307 sunt

409 2330 492 2360 prae
517 2320 644 2360 aquilis
669 2320 750 2360 equi
774 2319 873 2359 ejus;
897 2328 963 2349 vae
981 2318 1096 2356 nobis,
1116 2318 1199 2359 quia
1222 2318 1398 2349 devastati
1419 2327 1564 2355 sumus:
1588 2317 1692 2349 ablue
1708 2327 1732 2349 a

409 2363 545 2395 malitia
554 2373 615 2394 cor
624 2370 734 2400 tuum,
746 2388 753 2394 .
768 2387 776 2395 .
790 2369 842 2394 .ut
856 2362 1008 2393 serveris
1022 2371 1030 2400 ;
1055 2362 1222 2402 quamdiu
1236 2363 1553 2393 commorabuntur
1561 2361 1598 2393 in
1611 2361 1730 2393 medio

409 2407 459 2438 tui
478 2407 714 2447 cogitationes
739 2406 959 2447 iniquitatis?
995 2429 1090 2437 .....
1098 2405 1255 2437 vastitas
1272 2407 1338 2437 erit
1354 2412 1430 2437 tota
1446 2412 1541 2437 terra
1544 2429 1636 2442 .....
1644 2414 1730 2446 prae

410 2460 497 2482 voce
511 2451 638 2491 equitis
651 2457 686 2482 et
699 2450 964 2490 sagittariorum
978 2448 1070 2489 fugit
1085 2454 1161 2480 tota
1172 2451 1257 2480 urbs
1272 2459 1279 2485 ς
1305 2450 1483 2480 intrarunt
1499 2450 1624 2487 nubes,
1640 2454 1677 2480 et
1692 2448 1729 2490 in

410 2501 529 2535 petras
546 2494 793 2531 ascenderunt,
817 2499 893 2525 tota
908 2493 993 2524 urbs
1009 2492 1179 2524 deserta'’
1195 2492 1256 2534 (iv.
1273 2501 1323 2532 13,
1341 2501 1391 2532 14,
1407 2501 1460 2532 27,
1475 2494 1549 2534 29):

235 2587 502 2628 describitur
528 2586 599 2627 hic
626 2586 826 2627 vastatio
853 2583 1073 2626 ecclesiae
1099 2598 1178 2639 per
1198 2584 1311 2626 falsa
1334 2584 1467 2635 mali;
1500 2584 1614 2625 falsa
1634 2585 1728 2638 sig-

236 2649 474 2690 nificantur
505 2663 583 2703 per
617 2648 863 2697 “nubem,”
895 2654 942 2688 et
973 2648 1138 2702 cupido
1169 2648 1471 2689 ratiocinandi
1508 2662 1567 2689 ex
1604 2647 1727 2688 falsis

235 2719 397 2754 contra
422 2727 528 2753 vera
555 2726 633 2766 per
662 2716 841 2765 “equos
868 2711 941 2765 qui
968 2724 1074 2765 prae
1100 2711 1260 2765 aquilis
1286 2710 1508 2760 veloces‚’'
1534 2724 1586 2752 ac
1619 2701 1729 2751 doc-

236 2775 417 2817 trinalia
447 2775 545 2815 falsi
576 2789 655 2829 per
689 2778 880 2815 “currus
912 2774 987 2827 qui
1017 2774 1133 2815 sicut
1173 2773 1425 2827 procella:''
1472 2774 1593 2828 quod
1624 2773 1729 2814 inde

234 2851 371 2879 omne
397 2837 616 2879 ecclesiae
639 2844 686 2878 et
713 2850 849 2878 omne
874 2834 1107 2878 doetrinae
1132 2837 1226 2890 ejus
1253 2842 1424 2890 pereat,
1450 2835 1731 2890 significatur

236 2914 315 2955 per
340 2901 459 2955 quod
489 2901 718 2941 “vastitas
745 2900 829 2940 erit
855 2905 956 2940 tota
982 2905 1115 2949 terra,
1144 2906 1191 2941 et
1218 2913 1324 2954 prae
1350 2913 1464 2941 voce
1491 2899 1654 2953 equitis
1683 2904 1731 2939 et

236 2964 574 3017 sagittariorum
610 2964 723 3016 sugit
762 2968 864 3003 tota
905 2962 1009 3003 urbs
1026 2962 1059 3013 ;”
1103 2962 1289 3004 “terra”
1329 2968 1400 3003 est
1437 2961 1644 3011 ecclesia,
1683 2967 1730 3002 et

239 3026 412 3068 “urbs’'
443 3033 514 3068 est
546 3025 753 3067 doctrina
784 3025 890 3079 ejus,
922 3029 1055 3067 “vox
1086 3027 1250 3080 equitis
1281 3032 1328 3067 et
1360 3025 1698 3079 sagittariorum
1710 3023 1731 3040 ”
