2008 3360
648 323 755 356 CAP.
777 323 877 364 v11.‚
900 322 1039 355 VERs.
1060 312 1208 354 6.-Ν,
1229 312 1326 364 438.
1627 320 1730 365 1105

241 440 352 482 tudo
377 439 553 481 interna
573 451 686 492 quae
712 437 935 487 caelestis,
959 431 1008 478 in'
1028 451 1115 491 qua
1138 435 1419 477 beatitudine
1446 440 1550 475 sunt
1575 434 1637 475 illi
1662 434 1736 488 qui

241 504 286 544 in
308 502 529 544 charitate
546 515 655 555 erga
676 502 931 554 proximum
951 506 1054 541 sunt
1072 514 1081 551 ;
1114 512 1218 540 nam
1237 499 1432 540 charitas
1450 511 1558 551 erga
1581 498 1735 550 proxi-

242 577 365 605 mum
382 570 453 604 est
469 562 646 604 afseffio
663 563 757 603 veri
773 561 1015 615 spiritualis
1033 572 1083 610 (ut
1096 580 1172 601 mox
1186 580 1283 609 supra
1297 570 1420 600 dietum
1435 569 1496 608 est)
1514 573 1523 609 ;
1555 557 1735 599 affectio

242 627 360 668 enim
385 626 476 667 veri
508 624 748 678 spiritualis
774 631 843 664 est
869 637 1019 664 amare
1045 635 1198 664 verum
1229 623 1274 663 in
1305 635 1385 662 sua
1409 621 1620 669 essentia,
1647 619 1734 661 hoc

242 695 327 738 est,
350 701 500 729 amare
523 700 677 728 verum
699 688 801 740 quia
823 693 893 727 est
915 699 1094 727 verum:
1127 685 1360 738 proximus
1383 684 1520 724 etiam
1542 683 1587 724 in
1609 683 1735 735 spiri-

242 750 352 793 tuali
374 764 507 791 sensu
529 763 610 791 nec
636 749 756 790 aliud
778 755 847 790 est
865 762 998 802 quam
1021 749 1189 789 bonum
1211 753 1257 788 et
1279 760 1447 795 verum,
1471 752 1518 787 et
1541 745 1735 787 charitas

243 818 313 853 eSt
337 825 464 853 amor
488 810 583 864 ejus
598 821 648 859 (ut
660 825 805 850 constare
817 825 922 858 potest
933 830 972 849 ex
985 821 1044 850 illis
1055 820 1184 858 quaein
1197 819 1355 849 Domina
1367 819 1477 848 Novae
1491 818 1736 855 Hierosolymae,

243 872 294 901 De
314 872 434 901 Amore
455 879 530 908 erga
552 870 746 904 Proximum,
762 870 816 907 qui
831 875 962 898 vocatur
977 870 1131 906 Charitas,
1146 877 1178 898 n.
1195 870 1324 905 84—107,
1341 867 1427 896 dieta
1447 871 1479 896 et
1500 871 1627 895 ostensa
1647 870 1737 895 sunt:

241 922 364 959 reliqua
374 921 541 950 vidaentur
553 920 709 958 explicata
720 920 753 948 in
765 920 905 948 Arcanis
920 919 1114 953 Caelestibus,
1127 928 1158 948 n.
1170 916 1412 956 [¹13936-3939).
1458 905 1594 958 Quod
1612 904 1737 945 “AS-

242 972 378 1014 cher‘'
395 971 617 1025 significet
639 971 822 1012 beatum
840 971 960 1024 quod
982 976 1052 1011 est
1069 969 1233 1010 amoris
1255 975 1302 1009 et
1324 968 1571 1015 charitatis,
1590 966 1736 1007 adhuc

244 1042 452 1077 constare
484 1040 638 1088 potest
665 1048 692 1074 a
722 1031 1036 1074 benedictione
1062 1031 1154 1086 ejus
1179 1031 1237 1073 ab
1263 1030 1428 1073 Israele
1454 1037 1596 1084 patre,
1623 1043 1738 1083 quae

243 1099 360 1147 talis,

312 1190 405 1222 “Ab
432 1189 590 1274 lix-schelie
618 1187 762 1230 pinguis
790 1187 894 1228 panis
921 1186 1011 1228 ejus,
1042 1192 1078 1218 et
1104 1185 1163 1218 ille
1190 1185 1290 1218 dabit
1316 1184 1462 1216 delicias
1489 1184 1584 1224 regis
1594 1182 1613 1195 ”
1638 1182 1735 1223 (Gen.

416 1243 440 1265 x
455 1243 501 1265 ix.
516 1241 559 1264 20
582 1243 589 1265 :

246 1326 271 1343 ‘⁴
283 1322 340 1363 ab
357 1322 560 1363 Aschere
573 1321 593 1337 ”
609 1320 834 1374 significat
852 1319 909 1360 ab
926 1317 1235 1360 affectionibus
1252 1317 1521 1359 caelestibus
1543 1322 1589 1357 et
1612 1315 1738 1368 spiri-

244 1385 451 1434 tualibus,
478 1398 591 1438 quae
618 1391 722 1425 sunt
747 1383 912 1424 amoris
943 1383 986 1422 in
1020 1382 1263 1422 Dominum
1295 1387 1341 1422 et
1373 1380 1606 1421 charitatis
1632 1391 1741 1432 erga

245 1449 527 1502 proximum;
568 1448 783 1501 “pinguis
820 1447 947 1499 panis
984 1445 1108 1498 ejus''
1145 1444 1368 1498 significat
1400 1443 1644 1497 jucundum
1680 1455 1740 1483 ex

244 1512 389 1562 bono;
425 1516 508 1553 “et
534 1510 608 1552 ille
634 1511 759 1551 dabit
786 1509 969 1550 delicias
995 1509 1112 1561 regis
1125 1508 1144 1523 '’
1166 1507 1387 1561 significat
1414 1519 1654 1547 amoenum
1680 1519 1740 1546 ex

245 1587 366 1614 vero.
408 1584 487 1623 (Sed
498 1584 578 1613 haec
590 1583 727 1621 amplius
739 1582 897 1620 explicata
905 1581 1073 1610 videantur
1087 1581 1118 1609 in
1130 1580 1271 1610 Arcanis
1286 1580 1480 1613 Caelestibus,
1490 1588 1521 1608 n.
1532 1577 1740 1617 6408-6410.)

246 1634 397 1676 Simile
423 1635 561 1675 etiam
587 1633 866 1687 significatur
895 1645 974 1685 per
1001 1630 1324 1672 “Ascherem”
1349 1631 1393 1671 in
1423 1627 1740 1670 benedictione

185 1699 191 1700 ⁷
245 1697 338 1750 ejus
368 1711 394 1738 a
430 1697 574 1745 Mose,
607 1710 769 1749 nempe
796 1695 1040 1749 jucundum
1071 1692 1318 1735 affectionis
1349 1693 1442 1734 veri
1478 1707 1538 1733 ex
1569 1691 1738 1741 Verbo,

246 1774 359 1814 quae
385 1758 641 1801 benedictio
667 1766 738 1800 est
764 1758 883 1807 talis,

314 1850 495 1882 “Ascheri
511 1849 609 1888 dixit,
627 1847 842 1881 Benedictus
860 1858 944 1889 prae
961 1847 1042 1879 filiis
1055 1847 1204 1885 Ascher,
1221 1846 1266 1878 sit
1282 1853 1448 1887 acceptus
1465 1846 1633 1878 fratribus
1650 1846 1738 1884 suis,

420 1900 455 1925 et
471 1893 654 1934 intingens
671 1893 707 1924 in
719 1893 838 1924 oleum
853 1892 979 1932 pedem
996 1901 1099 1923 suum
1114 1900 1121 1929 ;
1146 1890 1279 1922 ferrum
1296 1896 1332 1922 et
1347 1900 1409 1922 aes
1422 1890 1560 1922 calceus
1578 1896 1659 1922 tuus
1674 1899 1681 1928 ;
1706 1895 1742 1922 et

419 1938 510 1969 sicut
525 1938 601 1969 dies
617 1937 716 1968 fama
732 1936 820 1968 tua''
837 1936 974 1975 (Deutr.
990 1935 1112 1967 xxxiii.
1129 1943 1182 1974 24,
1199 1935 1275 1975 25):

245 2026 290 2066 in
312 2024 625 2067 benedictione
648 2024 836 2065 filiorum
861 2022 1040 2064 Israelis
1065 2037 1091 2064 a
1113 2022 1243 2063 Mose
1266 2022 1557 2064 continentur
1578 2018 1742 2062 areana

246 2089 302 2129 de
329 2088 497 2137 Verbo,
525 2094 571 2129 et
603 2101 681 2141 per
714 2085 1044 2134 “Ascherem,'’
1075 2086 1149 2140 qui
1180 2085 1340 2126 ultimo
1373 2085 1475 2126 loco
1506 2085 1564 2126 ibi
1596 2085 1740 2126 nomi-

247 2158 392 2200 natur,
416 2150 694 2204 significatur
719 2148 895 2191 affectio
926 2148 1168 2202 spiritualis
1190 2149 1282 2189 veri
1307 2162 1366 2189 ex
1390 2147 1573 2198 Verbo;
1605 2161 1742 2201 quare

247 2217 408 2257 dicitur
424 2212 734 2255 “Benedictus
757 2227 862 2266 prae
884 2212 983 2253 filiis
1006 2211 1198 2260 Ascher,
1218 2212 1276 2252 sit
1298 2217 1514 2264 acceptus
1532 2211 1741 2251 fratribus

247 2280 337 2320 suis
354 2279 388 2330 ;’'
430 2277 573 2319 “filii''
604 2276 860 2331 significant
901 2289 1021 2324 vera,
1055 2282 1101 2316 et
1140 2274 1369 2323 “fratres”
1406 2274 1644 2316 ecclesiam
1682 2288 1741 2315 ex

247 2342 347 2391 illis,
374 2354 426 2383 ac
454 2338 784 2382 “benediGtus”
806 2347 853 2380 et
881 2337 1164 2399 “acceptus-’⁹
1187 2338 1397 2379 dicuntur
1419 2338 1474 2378 de
1506 2335 1741 2378 affectione

247 2405 449 2446 illorum:
483 2404 649 2445 bonum
672 2403 835 2444 amoris
857 2416 916 2443 ex
938 2416 1027 2456 quo
1048 2415 1155 2442 vera
1171 2400 1311 2442 Verbi
1330 2402 1372 2441 in
1389 2414 1522 2441 sensu
1545 2399 1742 2448 litterae,

247 2467 526 2520 significatur
561 2480 640 2519 per
677 2466 946 2518 “intingens
983 2465 1027 2504 in
1064 2463 1212 2505 oleum
1250 2464 1411 2517 pedem
1445 2476 1570 2504 suum
1588 2461 1624 2513 ;'’
1665 2475 1744 2515 per

250 2530 481 2585 “pedem”
513 2529 790 2583 significatur
826 2540 980 2569 verum
1017 2528 1061 2568 in
1097 2526 1279 2576 ultimis,
1317 2526 1437 2581 quod
1481 2532 1551 2566 est
1588 2538 1741 2566 verum

248 2608 406 2636 sensus
437 2593 616 2634 litterae
643 2592 798 2639 Verbi,
833 2597 879 2632 et
911 2604 990 2643 per
1018 2589 1238 2630 “oleum'’
1265 2588 1543 2643 significatur
1574 2589 1742 2629 bonum

248 2658 411 2699 amoris
431 2670 439 2697 :
473 2655 593 2710 quod
616 2655 821 2696 ultimum
844 2653 984 2694 Verbi
1007 2653 1065 2694 sit
1086 2665 1240 2693 verum
1262 2659 1308 2693 et
1331 2653 1497 2693 bonum
1522 2650 1741 2699 naturale,

249 2719 525 2774 significatur
548 2732 626 2772 per
649 2717 848 2758 “ferrum
874 2723 921 2757 et
947 2729 1023 2757 aes
1049 2715 1227 2757 calceus
1251 2721 1353 2756 tuus
1370 2714 1402 2765 ;”
1427 2728 1581 2755 verum
1608 2720 1739 2754 natu·

249 2782 368 2824 raele
387 2781 663 2835 significatur
680 2794 758 2833 per
774 2778 1011 2828 “ferrum,”
1025 2785 1070 2820 et
1089 2779 1256 2819 bonum
1275 2777 1477 2819 naturale
1492 2791 1570 2830 per
1586 2779 1611 2796 ‘⁴
1623 2774 1740 2824 aeS,'’

250 2859 301 2886 ac
324 2845 529 2886 ultimum
557 2858 635 2897 per
658 2842 921 2884 “calceum:
954 2841 1074 2895 quod
1095 2840 1298 2882 Verbum
1325 2841 1583 2897 duraturum
1610 2839 1666 2879 sit
1693 2839 1738 2879 in

250 2912 503 2954 aeternum,
535 2904 817 2958 significatur
851 2916 931 2957 per
963 2902 1129 2944 “Sicut
1163 2903 1259 2944 dies
1297 2902 1418 2943 fama
1452 2900 1571 2942 tua.’'
1628 2910 1742 2949 (Quod

251 2966 425 2999 “ferrum''
445 2969 600 3008 significet
619 2977 729 2998 verum
748 2967 902 3002 naturale,
917 2966 1063 2996 videatur
1080 2974 1186 3005 supra,
1201 2975 1233 2997 n.
1254 2954 1352 3009 1763
1375 2965 1465 3004 quod
1483 2961 1595 2994 “aes'’
1618 2963 1740 2994 bonum
