2008 3360
696 282 803 315 CAP.
826 283 906 324 vr,
930 283 1069 316 vERs.
1095 282 1240 328 5.-N.
1266 283 1358 327 370.
1690 284 1770 329 731

279 402 522 452 postquam
548 402 803 449 propagata
828 402 913 446 est,
938 396 1138 437 decrevit
1161 395 1413 437 successive
1439 408 1577 449 usque
1603 395 1660 435 ad
1686 394 1773 436 hoc

279 466 474 513 tempuS,
490 459 610 513 quod
628 465 699 499 est
718 458 925 500 ultimum
943 458 1051 512 ejus,
1067 472 1156 512 quo
1168 458 1396 512 judicium.
1440 455 1774 499 Praedictiones

277 523 335 564 de
356 522 426 563 his
447 522 712 563 successivis
735 522 954 563 ecclesiae
975 522 1171 564 statibus
1193 521 1541 562 manifestantur
1562 520 1634 562 hic
1657 522 1773 562 sicut

278 599 339 626 ex
366 584 480 626 libro
502 599 580 638 per
598 586 722 625 varia
743 586 1158 638 repraesentativa3
1190 584 1271 625 sed
1298 584 1531 625 sciendum
1557 590 1627 625 est
1653 584 1773 638 quod

278 646 609 702 praedictiones
635 647 753 688 tales
778 662 870 689 non
896 649 1018 690 visae
1044 654 1090 690 et
1123 646 1268 689 lectae
1293 649 1384 689 sint
1413 648 1457 688 in
1490 647 1617 696 libro,
1646 654 1774 701 post·-

277 724 412 764 quam
438 710 588 764 sigilla
613 710 706 764 ejus
732 718 890 765 aperta
915 718 1036 761 sunt,
1063 711 1144 753 sed
1170 711 1488 752 manifestatae
1519 724 1598 764 per
1623 710 1775 752 caelos

277 788 304 815 a
330 774 529 815 Domino
553 787 706 815 coram
732 774 907 828 angelis
933 776 1079 816 intimi
1104 774 1232 824 caeli,
1256 788 1379 829 qua&
1391 775 1436 815 in
1462 773 1633 815 ultimis
1660 774 1774 815 caeli

276 843 648 891 repraesentatae
671 844 775 878 sunt
799 851 878 891 per
898 838 1010 879 talia
1031 852 1145 892 quae
1167 838 1212 879 in
1234 837 1320 879 hoc
1343 838 1494 891 capite
1517 850 1774 878 memoran-

277 907 379 952 tur3
422 913 599 954 nempe,
634 914 714 954 per
750 908 890 954 equos
925 902 1035 942 varii
1072 901 1251 950 coloris,
1285 907 1332 942 et
1370 901 1474 941 dein
1512 914 1591 954 per
1627 906 1774 941 terrae

279 970 446 1012 motus,
469 963 577 1004 solis
603 970 650 1004 et
677 963 809 1004 lunae
835 964 1191 1013 obscurationes,
1215 970 1262 1005 et
1287 963 1524 1004 stellarum
1551 963 1703 1016 lapsus
1729 963 1774 1003 in

278 1032 472 1067 terram:
506 1026 587 1067 sed
618 1026 730 1067 haec
763 1033 892 1068 erant
921 1027 1215 1080 apparentiae
1240 1039 1393 1068 coram
1419 1025 1595 1079 angelis
1627 1026 1774 1067 ultimi

277 1089 405 1138 caeli,
439 1095 486 1130 et
518 1088 776 1142 significant
814 1089 891 1130 illa
922 1104 1036 1143 quae
1067 1090 1223 1130 audita
1253 1095 1299 1131 et
1336 1095 1552 1143 percepta
1588 1095 1693 1130 sunt
1730 1089 1774 1130 in

278 1152 440 1192 intimo
462 1151 604 1201 caelo,
625 1152 699 1192 ubi
722 1165 812 1192 non
835 1151 951 1193 tales
974 1153 1267 1206 apparentiae
1287 1152 1492 1193 fuerunt:
1526 1165 1631 1192 nam
1649 1152 1774 1206 quic-

277 1214 384 1268 quid
409 1215 454 1256 in
479 1215 641 1255 intimo
664 1214 792 1255 caelo
816 1215 1008 1263 auditur,
1033 1215 1262 1268 cogitatur
1283 1220 1330 1256 et
1356 1215 1600 1268 percipitur
1625 1228 1651 1255 a
1678 1214 1773 1255 Do-

278 1277 414 1325 mino,
439 1276 525 1317 hoc
552 1289 655 1317 cum
677 1276 914 1324 descendit
941 1291 1019 1330 per
1041 1276 1215 1318 caelum
1242 1277 1439 1318 medium
1465 1277 1522 1317 ad
1549 1276 1772 1326 ultimum,

276 1339 469 1380 vertitur
486 1340 530 1380 in
548 1338 665 1388 tales
683 1339 985 1392 apparentias.
1044 1339 1117 1380 Ita
1133 1352 1285 1380 coram
1302 1338 1448 1380 ultimi
1466 1338 1579 1380 caeli
1598 1339 1774 1393 angelis

276 1401 624 1455 promulgantur
644 1415 810 1442 arcana
835 1402 1084 1455 sapientiae
1111 1401 1328 1442 Divinae:
1361 1401 1425 1442 illi
1451 1403 1525 1455 qui
1550 1402 1610 1442 ibi
1636 1402 1773 1443 intel-

277 1463 474 1518 ligentes
505 1470 625 1513 sunt,
653 1465 905 1518 percipiunt
937 1477 1102 1505 arcana
1132 1463 1210 1505 illa
1240 1478 1300 1505 ex
1331 1464 1772 1518 correspondentiis;

275 1533 324 1567 at
347 1525 485 1567 infimi
507 1526 686 1568 illorum
704 1540 794 1567 non
817 1527 1083 1580 percipiunt,
1103 1526 1184 1567 sed
1204 1526 1341 1567 modo
1357 1527 1504 1568 sciunt
1524 1527 1644 1581 quod
1666 1527 1774 1568 inibi

276 1589 366 1629 sint
384 1602 563 1638 arcana,
583 1602 666 1630 nec
686 1588 804 1630 ultra
822 1589 1049 1642 inquirunt
1068 1603 1077 1639 ;
1110 1601 1211 1630 cum
1234 1588 1303 1629 his
1325 1588 1405 1630 suit
1421 1589 1653 1642 Johannes
1671 1603 1773 1630 cum
1845 1605 1854 1610 ·

274 1651 320 1692 in
347 1652 505 1705 spiritu
531 1665 609 1692 seu
635 1652 680 1692 in
706 1652 892 1692 visione.
956 1650 1084 1692 Haec
1107 1649 1228 1692 dicta
1253 1657 1372 1700 sunt,
1396 1657 1445 1692 ut
1471 1652 1640 1693 sciatur
1661 1666 1774 1706 quo-

277 1714 416 1755 modo
453 1713 657 1755 Verbum
695 1714 1002 1766 conscriptum
1039 1714 1112 1762 sit,
1151 1713 1271 1767 quod
1308 1727 1471 1767 nempe
1509 1728 1568 1755 ex
1606 1714 1773 1755 talibus

275 1782 391 1830 quae
427 1777 523 1818 visa
559 1782 607 1818 et
645 1776 801 1817 audita
838 1782 942 1816 sunt
983 1776 1027 1816 in
1065 1775 1235 1816 ultimis
1271 1775 1399 1825 caeli,
1437 1777 1502 1817 ita
1541 1790 1600 1818 ex
1639 1778 1773 1818 meris

276 1839 689 1892 correspondentiis
730 1844 777 1879 et
818 1838 1230 1891 repraesentativis,
1269 1838 1314 1879 in
1354 1852 1544 1892 quorum
1585 1839 1773 1893 singulis

275 1900 424 1942 latent
462 1900 805 1942 innumerabilia
841 1907 887 1941 et
924 1899 1166 1940 ineffabilia
1201 1913 1366 1941 arcana
1402 1902 1654 1955 sapientiae
1692 1902 1773 1943 Di-

277 1964 422 2004 vinae.

353 2032 488 2077 370.
533 2022 708 2063 “Audivi
740 2022 904 2063 tertium
942 2021 1096 2061 animal
1125 2021 1505 2076 dicons.''—Quod
1544 2023 1773 2076 significet

275 2096 299 2122 e
316 2081 433 2122 caelo
453 2082 615 2123 intimo
637 2096 666 2123 a
685 2082 890 2130 Domino,
913 2086 1099 2122 constat
1125 2094 1184 2121 ex
1209 2081 1298 2122 illis
1323 2095 1439 2135 quae
1464 2096 1601 2136 supra
1627 2094 1672 2131 (n.
1691 2093 1772 2136 353

275 2156 306 2180 et
323 2140 420 2193 362)
443 2139 565 2182 dicta
589 2147 711 2190 sunt,
735 2141 810 2181 ub'i
835 2139 1012 2181 similia.
1071 2139 1207 2192 Quod
1231 2146 1427 2194 quatuor
1451 2142 1668 2183 animalia
1694 2156 1772 2182 seu

276 2208 469 2256 quatuor
505 2201 690 2246 cherubi
727 2216 839 2242 unus
876 2207 979 2255 post
1016 2199 1209 2241 alterum
1246 2201 1386 2243 locuti
1423 2203 1528 2251 sint,
1562 2209 1633 2244 est
1670 2204 1774 2257 quia

275 2263 352 2305 illa
369 2278 484 2318 quae
502 2264 715 2306 dixerunt
734 2263 1091 2317 correspondent
1113 2276 1173 2304 ex
1195 2265 1407 2317 opposito
1424 2279 1434 2315 ;
1462 2266 1629 2318 primus
1652 2267 1772 2306 enim

275 2326 498 2368 cherubus
523 2333 622 2368 erat
650 2326 806 2367 similis
834 2326 966 2374 leoni,
995 2325 1217 2366 secundus
1243 2326 1399 2367 similis
1426 2326 1584 2376 vitulo,
1610 2329 1773 2368 tertius

275 2389 424 2444 quoad
446 2389 606 2430 faciem
624 2389 740 2430 sicut
763 2388 915 2436 homo,
935 2394 980 2428 et
999 2394 1184 2441 quartus
1201 2388 1358 2429 similis
1375 2389 1551 2443 aquilae
1569 2390 1743 2431 volanti
1761 2404 1771 2440 ;

275 2456 322 2491 et
355 2463 435 2503 per
468 2449 689 2490 “leonem
702 2447 722 2464 ’'
752 2447 1035 2501 significatur
1064 2449 1276 2500 potentia
1307 2459 1467 2506 (vjdeatur
1485 2469 1591 2498 supra,
1607 2470 1638 2490 n.
1655 2451 1770 2502 278),

275 2522 355 2562 per
378 2507 644 2556 “vitulum”
665 2507 949 2561 significatur
969 2506 1140 2547 bonum
1162 2518 1207 2555 (n.
1224 2517 1338 2560 279),
1361 2522 1442 2561 per
1465 2509 1737 2550 “hominem
1752 2509 1772 2524 ’'

275 2568 502 2621 sapientia
532 2578 578 2615 (n.
599 2567 712 2616 280),
745 2572 792 2607 et
823 2579 903 2619 per
936 2565 1205 2619 “aquilam''
1234 2566 1548 2620 intelligentia
1578 2578 1623 2616 (n.
1644 2569 1770 2618 281);

275 2642 413 2682 quare
435 2637 537 2669 cum
559 2629 751 2682 primum
773 2625 954 2675 animal,
979 2625 1099 2680 quod
1121 2633 1218 2667 erat
1240 2627 1385 2668 simile
1408 2627 1542 2677 leoni,
1567 2627 1770 2669 locutum

275 2697 360 2739 est,
389 2690 658 2732 describitur
684 2690 851 2743 primus
877 2693 1026 2729 status
1051 2701 1206 2730 eorum
1230 2690 1305 2743 qui
1333 2690 1390 2730 ab
1416 2689 1622 2739 ecclesia,
1651 2691 1771 2744 quod

274 2751 335 2791 ibi
357 2756 465 2791 tunc
483 2757 606 2791 esset
629 2763 782 2804 pugna
802 2763 862 2789 ex
885 2748 1053 2789 Divino
1070 2748 1196 2790 Vero
1214 2760 1373 2799 (videatur
1384 2770 1490 2799 supra,
1502 2771 1534 2791 n.
1550 2759 1769 2803 355-359),

276 2825 381 2852 nam
413 2825 492 2865 per
526 2809 774 2852 “leonem''
806 2808 1084 2862 significatur
1114 2811 1322 2863 potentia
1353 2825 1467 2865 quae
1499 2818 1569 2853 est
1604 2811 1770 2852 Divino

274 2873 424 2915 Vero:
458 2887 560 2916 cum
580 2872 827 2914 secundum
845 2871 1012 2912 animal
1036 2871 1238 2914 locutum
1261 2880 1346 2922 est,
1365 2873 1486 2927 quod
1509 2880 1607 2914 erat
1625 2873 1771 2914 simile

275 2936 432 2985 vitulo,
460 2935 727 2977 describitur
752 2933 975 2975 secundus
1007 2940 1155 2975 status
1185 2948 1339 2976 eorum
1366 2936 1439 2989 qui
1472 2936 1530 2976 ab
1560 2935 1767 2984 ecclesia,
