2008 3432
852 363 1196 399 uocALYPsxs.
1689 354 1771 397 661

729 801 1107 865 CAPUT
1174 800 1317 862 VI.

272 1082 486 1265 ET
510 1083 607 1131 vidi
632 1100 742 1131 cum
766 1083 1039 1146 aperuisset
1062 1083 1241 1148 Agnus
1265 1083 1475 1147 primum
1499 1099 1564 1131 ex
1586 1081 1768 1147 sigillis,

476 1169 527 1207 et
554 1159 715 1207 audivi
744 1177 897 1207 unum
933 1177 996 1207 ex
1032 1170 1243 1224 quatuor
1266 1158 1574 1214 animalibus,
1599 1159 1769 1207 dicens

475 1247 706 1299 tanquam
732 1253 855 1284 voce
881 1236 1095 1291 tonitrui,
1121 1236 1250 1284 Veni
1275 1246 1326 1284 et
1349 1235 1525 1299 aspice.

342 1330 384 1362 2.
435 1314 498 1361 Et
517 1313 632 1367 vidi,
653 1323 703 1361 et
726 1330 842 1361 ecce
863 1331 1021 1376 equus
1045 1313 1209 1368 albus;
1246 1323 1298 1361 et
1320 1312 1502 1360 sedens
1526 1330 1674 1376 super
1689 1312 1769 1362 illo

271 1390 456 1439 habens
477 1408 660 1446 arcum,
680 1401 732 1439 et
750 1390 865 1439 data
887 1391 932 1439 ei
957 1408 1153 1446 corona,
1174 1401 1224 1439 et
1247 1390 1398 1439 exivit
1417 1391 1619 1439 vincens
1644 1401 1694 1438 et
1717 1401 1771 1438 ut

271 1467 497 1516 vinceret.

339 1560 382 1605 3.
432 1545 495 1592 Et
541 1562 653 1592 cum
699 1545 972 1607 aperuisset
1018 1545 1286 1592 secundum
1332 1543 1555 1610 sigillum,
1603 1544 1771 1592 audivi

269 1622 538 1669 secundum
563 1621 741 1668 animal
766 1621 945 1675 dicens,
973 1621 1102 1669 Veni
1128 1631 1178 1669 et
1201 1621 1378 1685 aspice.

227 1754 233 1755 ἶ
337 1714 382 1758 4.
431 1698 495 1746 Et
518 1699 673 1746 exivit
695 1698 816 1746 alius
841 1716 999 1761 equus
1023 1698 1180 1753 rufus3
1217 1709 1268 1746 et
1295 1698 1487 1746 sedenti
1511 1715 1662 1762 super
1686 1697 1767 1747 illo

269 1774 435 1822 datum
452 1775 495 1822 ei
515 1774 686 1822 tollere
706 1792 879 1838 pacem
903 1774 967 1822 de
991 1786 1133 1829 terra,
1150 1785 1203 1822 ut
1225 1774 1304 1823 alii
1322 1774 1441 1823 alios
1460 1775 1763 1830 occiderent;

269 1861 319 1899 et
342 1851 459 1899 data
482 1851 527 1899 ei
554 1851 811 1899 machaera
836 1868 1028 1915 magna.

339 1928 381 1975 5.
433 1928 495 1975 Et
512 1946 622 1987 cum
641 1928 913 1991 aperuisset
928 1928 1125 1975 tertium
1145 1927 1367 1992 sigillum,
1384 1928 1549 1977 audivi
1567 1928 1765 1976 tertium

270 2003 450 2052 animal
487 2004 669 2059 dicens,
696 2005 825 2053 Veni
862 2015 911 2052 et
942 2005 1132 2067 aspice:
1169 2015 1220 2052 et
1247 2005 1358 2060 vidi,
1384 2016 1434 2053 et
1463 2023 1575 2054 ecce
1607 2023 1764 2070 equus

270 2080 435 2144 niger;
472 2092 523 2129 et
556 2081 737 2129 sedens
772 2099 922 2145 super
946 2080 1026 2129 illo
1061 2081 1249 2130 habens
1273 2093 1504 2130 stateram
1529 2083 1577 2130 in
1615 2099 1763 2131 manu

268 2173 367 2204 sua.

336 2237 380 2281 6.
431 2234 494 2281 Et
535 2234 699 2282 audivi
735 2252 909 2282 vocem
952 2234 1000 2281 in
1038 2235 1203 2283 medio
1237 2246 1448 2299 quatuor
1485 2235 1762 2284 animalium

268 2309 527 2363 dicentem.
573 2310 799 2359 Choenix
841 2311 979 2358 tritici
1019 2311 1235 2366 denario,
1278 2323 1329 2360 et
1368 2323 1466 2360 tres
1507 2313 1763 2361 choenices

268 2385 437 2434 hordei
462 2386 676 2441 denario,
702 2398 753 2435 et
776 2387 940 2435 oleum
967 2397 1018 2434 et
1041 2387 1209 2435 vinum
1236 2406 1298 2436 ne
1322 2388 1533 2437 laeseris.

338 2475 379 2522 7.
430 2463 492 2510 Et
510 2481 621 2511 cum
637 2465 908 2527 aperuisset
926 2463 1132 2527 sigillum
1150 2476 1390 2528 quartum,
1406 2466 1571 2513 audivi
1588 2483 1762 2514 vocem

267 2540 426 2602 quarti
451 2539 670 2588 animalis
695 2541 954 2593 dicentem,
981 2540 1111 2588 Veni
1136 2553 1186 2589 et
1209 2543 1386 2605 aspice.

335 2617 379 2663 8.
430 2616 493 2663 Et
517 2616 628 2670 vidi,
655 2627 705 2664 et
733 2634 846 2664 ecce
877 2633 1032 2679 equus
1068 2617 1288 2680 pallidus,
1319 2630 1368 2666 et
1402 2619 1582 2666 sedens
1612 2636 1763 2682 super

266 2691 358 2746 illo,
390 2709 570 2740 nomen
607 2692 668 2740 illi
699 2710 842 2746 mors,
869 2703 919 2739 et
954 2692 1168 2741 infernus
1203 2695 1500 2763 sequebatur
1526 2713 1637 2743 cum
1668 2694 1760 2750 illo,

265 2778 316 2816 et
339 2768 453 2816 data
472 2768 559 2816 illis
576 2780 796 2832 potestas
817 2768 1131 2817 interficiendi
1150 2788 1298 2834 super
1321 2782 1545 2834 quartam
1570 2783 1760 2835 partem

265 2854 422 2892 terrae
447 2845 495 2892 in
521 2845 792 2908 romphaea
816 2855 866 2892 et
895 2845 942 2892 in
968 2845 1096 2895 farne
1121 2858 1172 2895 et
1201 2847 1248 2894 in
1275 2858 1432 2895 morte
1461 2859 1511 2895 et
1538 2865 1567 2896 a
1590 2849 1760 2896 bestiis

265 2930 437 2968 terrae.

332 3012 377 3055 9.
427 2997 490 3045 Et
518 3015 627 3045 cum
657 2997 927 3060 aperuisset
956 2999 1176 3062 quintum
1205 2999 1429 3064 sigillum,
1460 3001 1559 3048 vidi
1589 3002 1756 3049 subter
