2008 3360
616 267 723 302 CAP.
747 268 830 309 V1.‚
854 266 992 300 VERS.
1013 257 1163 299 6.-N.
1187 254 1346 311 376[c].
1648 256 1733 310 769

229 386 374 416 habitant
385 382 443 422 qui
453 382 486 413 in
500 384 589 413 bono
600 382 717 412 amoris
731 382 764 411 in
779 381 956 411 Dominum
967 384 1050 415 sunt,
1063 384 1095 409 et
1105 388 1201 417 super
1212 378 1346 408 collibus
1357 378 1412 415 qui
1427 378 1459 406 in
1472 378 1562 407 bono
1574 377 1734 407 charitatis

230 445 307 474 erga
316 434 509 474 proximum,
522 442 553 463 n.
566 435 663 470 10438
675 442 682 468 ;
703 437 734 461 et
745 432 778 461 in
790 441 886 470 opere
899 432 950 461 De
966 431 1056 460 Caelo
1067 433 1098 459 et
1107 430 1244 469 Inferna,
1254 438 1286 459 n.
1299 428 1382 467 188.)
1413 417 1554 470 Apud
1571 416 1611 457 Α
1621 430 1729 464 wios,

299 514 322 528 '¹
335 511 424 544 Ecce
439 510 516 543 dies
533 510 719 542 venientes
724 534 816 547 .....
824 509 976 548 attinget
992 517 1099 539 arans
1115 511 1321 543 metentem,
1342 510 1377 536 et
1397 505 1537 536 calcans
1557 514 1645 535 uvas
1662 504 1733 535 dis-

405 555 605 587 trahentem
630 555 766 591 semen,
789 559 824 584 et
848 552 1033 584 stillabunt
1057 556 1198 582 montes
1223 556 1390 586 mustum,
1414 555 1449 580 et
1473 558 1600 579 omnes
1623 548 1732 579 colles

405 598 584 630 diffluent:
610 597 776 628 reducam
791 596 1033 636 captivitatem
1047 594 1170 636 populi
1184 594 1254 625 mei
1273 593 1427 627 Israelis.
1445 598 1480 623 et
1493 591 1732 623 aedificabunt

405 643 511 674 urbes
525 642 740 678 devastatas,
757 646 792 671 et
805 641 980 671 sedebunt
994 645 1028 670 et
1042 639 1254 679 plantabunt
1267 637 1402 673 vineas,
1419 643 1455 667 et
1471 636 1594 667 bibent
1607 635 1731 666 vinum

406 695 540 723 earum,
561 691 596 716 et
615 685 746 716 facient
765 684 900 719 hortos=
922 689 957 714 et
976 682 1165 714 comedent
1184 679 1337 712 fructum
1358 689 1503 718 eorum;
1528 685 1612 711 tunc
1633 679 1733 719 plan-

407 729 490 761 tabo
507 739 569 761 eos
586 738 693 769 super
709 734 804 760 terra
820 737 943 759 eorum
955 726 973 738 ’'
990 727 1050 767 (ix.
1067 726 1205 765 13—15):

231 820 379 873 agitur
400 819 444 860 in
470 832 524 860 eo
550 818 698 871 capite
724 817 915 870 primum
941 816 997 857 de
1019 815 1275 856 vastatione
1301 813 1534 861 ecclesiae,
1559 818 1604 853 et
1628 812 1730 853 dein

184 874 188 879 ’
232 884 287 924 de
305 882 633 923 restauratione
649 879 741 932 ejus
759 894 784 920 a
802 880 999 920 Domino
1017 893 1026 929 ;
1050 891 1100 919 ac
1119 891 1197 931 per
1213 876 1464 930 “populum
1484 875 1698 916 Israelem
1712 874 1732 890 ''

232 960 323 987 non
360 944 628 998 intelligitur
664 943 739 984 ille
776 942 980 996 populus,
1020 941 1099 982 sed
1137 940 1203 989 illi
1236 939 1354 994 apud
1392 953 1502 993 quos
1540 938 1733 979 ecclesia

231 1008 524 1050 instauranda
561 1013 687 1057 erat;
732 1013 778 1048 et
819 1020 897 1059 per
935 1009 1108 1046 “arans
1145 1002 1344 1056 attin'get
1381 1009 1646 1050 metentem,
1685 1008 1732 1043 et

233 1072 413 1113 calcans
449 1084 557 1111 uvas
594 1069 924 1111 distrahentem
962 1066 1156 1116 semen‚”
1189 1065 1466 1120 significatur
1502 1065 1621 1119 quod
1659 1065 1734 1118 qui

232 1135 389 1188 recipit
420 1135 587 1175 bonum
620 1140 666 1174 et
694 1146 848 1174 verum
881 1132 1017 1173 etiam
1049 1144 1176 1171 usum
1208 1144 1285 1171 seu
1315 1127 1505 1170 fruc'tum
1537 1126 1732 1169 fmsturus

233 1199 304 1247 sit,
324 1199 386 1239 ita
404 1197 524 1252 quod
542 1196 671 1237 simul
689 1202 821 1237 erunt
839 1195 957 1248 apud
975 1194 1203 1235 hominem
1221 1192 1439 1234 ecclesiae
1456 1206 1465 1242 ;
1494 1205 1573 1245 per
1594 1195 1619 1211 “
1633 1191 1732 1232 stil-

234 1261 390 1302 labunt
402 1267 581 1301 montes
596 1266 808 1308 mustum,
821 1265 866 1300 et
883 1271 1040 1299 omnes
1052 1256 1191 1298 colles
1203 1255 1444 1304 diffluent,”
1456 1253 1734 1308 significatur

233 1331 281 1366 ut
301 1337 409 1365 mox
429 1337 574 1377 supra,
594 1323 714 1376 quod
738 1337 796 1363 ex
819 1322 941 1362 bono
958 1321 1122 1361 amoris
1139 1320 1183 1360 in
1202 1319 1446 1360 Dominum
1465 1325 1510 1359 et
1530 1331 1588 1358 ex
1612 1317 1733 1358 bono

233 1388 466 1429 charitatis
481 1400 589 1439 erga
607 1386 861 1439 proximum
884 1382 1052 1438 [erunt]
1069 1396 1175 1424 vera
1191 1383 1234 1422 in
1249 1382 1526 1422 abundantia
1543 1395 1552 1432 ;
1573 1384 1597 1400 “
1611 1394 1731 1421 mus-

233 1450 359 1492 tum’'
377 1450 434 1490 ibi
461 1463 538 1490 seu
559 1448 780 1489 “vinum’'
797 1454 867 1488 est
891 1460 1070 1496 verum;
1104 1459 1182 1500 per
1201 1444 1554 1498 “captivitatem
1580 1443 1732 1497 populi

234 1513 441 1555 Israelis”
459 1526 572 1567 quae
593 1511 906 1558 “reducetur,'‘
924 1509 1200 1563 significatur
1222 1508 1490 1549 restauratio
1513 1507 1732 1548 ecclesiae

233 1577 350 1631 apud
373 1582 550 1630 gentes,
574 1588 679 1616 narn
702 1588 780 1628 per
800 1573 1150 1627 “captivitatem
1163 1571 1181 1586 '‘
1203 1570 1470 1624 intelligitur
1491 1564 1732 1624 captivitas

199 1666 205 1668 f
233 1639 487 1694 spiritualis,
515 1652 629 1694 quae
659 1644 728 1679 est
760 1637 877 1690 apud
910 1636 1010 1677 illos
1037 1636 1109 1689 qui
1140 1635 1301 1676 remoti
1332 1648 1358 1675 a
1389 1634 1518 1675 bonis
1544 1640 1589 1674 et
1615 1634 1732 1674 veris

233 1706 339 1741 sunt
361 1706 408 1741 et
430 1714 571 1753 usque
592 1700 637 1739 in
659 1699 886 1739 desiderio
908 1697 1087 1738 illorum
1108 1706 1304 1745 (videaturn.
1315 1706 1409 1745 9164)
1427 1708 1435 1735 :
1463 1708 1543 1748 per
1558 1694 1731 1734 “urbes

234 1761 526 1803 devastatas’'
563 1775 673 1815 quas
711 1758 1088 1807 “aedificabunt-‚’‘
1122 1757 1429 1811 significantur
1466 1755 1732 1798 doctrinalia

234 1826 326 1866 veri
357 1831 402 1866 et
435 1825 541 1866 boni
572 1838 631 1865 ex
658 1824 814 1864 Verbo
845 1821 1062 1863 hactenus
1089 1821 1324 1874 deperdita
1349 1827 1395 1862 et
1422 1827 1530 1861 tunc
1556 1826 1731 1861 restau-

234 1888 402 1929 randa:
446 1901 524 1942 per
557 1888 750 1928 “vineas
765 1887 784 1902 ’¹
816 1900 924 1940 quas
962 1885 1248 1939 plantabunt,
1282 1890 1327 1925 et
1359 1897 1543 1938 quarum
1577 1884 1730 1925 vinum

235 1953 405 2000 bibent,
430 1950 738 2005 significantur
760 1950 909 1991 omnia
932 1948 1149 1989 ecclesiae
1171 1961 1197 1988 a
1218 1948 1376 2002 quibus
1399 1947 1731 2000 intelligentia3

236 2029 314 2068 per
344 2014 593 2055 “vineam''
625 2013 901 2067 significatur
933 2011 1124 2052 ecclesia
1155 2005 1408 2065 spiritualis,
1442 2018 1487 2051 et
1519 2011 1622 2051 inde
1655 2023 1734 2064 per

238 2077 460 2118 “vineas‘'
483 2076 791 2130 significantur
817 2076 966 2117 omnia
993 2074 1224 2123 ecclesiae,
1249 2088 1326 2128 per
1350 2075 1540 2115 “vinum
1553 2074 1572 2088 '’
1594 2074 1731 2126 signi-

236 2140 393 2181 ficatur
417 2141 462 2180 in
493 2154 659 2193 genere
685 2153 838 2180 verum
865 2138 971 2191 ejus,
1000 2143 1046 2178 et
1073 2151 1150 2191 per
1178 2138 1367 2178 “bibere
1394 2137 1533 2177 illud”
1561 2136 1730 2190 signifi-

237 2210 363 2244 catur
398 2204 555 2244 instrui
591 2210 637 2244 et
674 2203 933 2254 intelligens
970 2200 1075 2249 fieri,
1108 2201 1172 2241 ita
1204 2200 1532 2253 intelligentia:
1577 2207 1622 2241 et
1655 2214 1734 2253 per

238 2266 462 2307 “hortos”
485 2280 596 2320 quos
622 2266 785 2307 facient
812 2272 858 2306 et
881 2277 1068 2318 quorum
1094 2261 1283 2304 fructum
1311 2263 1569 2311 comedent,
1594 2264 1732 2315 signi-

237 2329 394 2370 ficatur
425 2330 670 2383 sapientia;
708 2342 786 2382 per
821 2326 1045 2367 “hortos'’
1077 2327 1227 2366 omnia
1258 2340 1372 2380 quae
1403 2325 1733 2378 intelligentiae

238 2399 356 2440 sunt,
380 2399 426 2433 et
458 2406 535 2446 per
559 2390 785 2433 “fructum
812 2389 996 2431 eorum”
1019 2388 1326 2442 significantur
1347 2389 1467 2429 bona
1490 2390 1637 2438 vitae;
1670 2389 1734 2428 ita

238 2469 315 2508 per
353 2455 632 2496 “comedere
668 2452 857 2495 fructum
895 2465 1049 2493 eorum
1064 2451 1083 2466 ”
1119 2451 1394 2505 significatur
1429 2451 1733 2504 appropriatio

238 2519 356 2566 boni,
375 2519 439 2559 ita
456 2518 689 2571 sapientia,
709 2530 813 2557 nam
832 2515 1053 2568 sapientia
1074 2513 1123 2555 fit
1141 2515 1321 2568 quando
1338 2528 1444 2555 vera
1462 2514 1734 2554 mandantur

238 2582 383 2622 vitae:
422 2587 468 2621 et
500 2582 602 2634 quia
633 2580 744 2620 haec
777 2578 1103 2630 intelliguntur,
1136 2577 1238 2618 ideo
1270 2578 1430 2618 dicitur
1461 2577 1517 2617 de
1550 2576 1731 2624 Israele,

240 2643 500 2684 “Plantabo
525 2657 603 2684 eos
629 2656 760 2695 super
786 2648 904 2682 terra
930 2639 1119 2681 eorum.”

322 2708 403 2763 [6.]
445 2709 586 2762 Apud
610 2708 780 2756 llffosen‚

307 2796 478 2836 “Alligat
501 2796 545 2828 ad
564 2796 673 2827 vitem
697 2795 847 2826 asellum
871 2803 986 2831 suum,
1009 2793 1054 2824 ad
1073 2793 1182 2825 vitem
1207 2799 1448 2834 praestantem
1473 2792 1583 2824 filium
1609 2792 1732 2823 asinae

413 2849 508 2877 suae,
525 2840 622 2871 lavat
638 2840 673 2870 in
687 2848 771 2870 vmo
784 2837 1038 2869 vestimentum
1051 2846 1165 2873 suum.
1181 2843 1216 2868 et
1232 2837 1268 2868 in
1286 2837 1461 2877 sanguine
1474 2845 1623 2867 uvarum
1638 2829 1746 2910 vela-k

414 2893 496 2958 ml'en
516 2893 619 2914 suum
629 2894 640 2966 >z
666 2883 771 2913 ruber
789 2881 900 2912 oculis
924 2890 946 2912 a
968 2880 1064 2918 vino,
1084 2887 1118 2912 et
1137 2881 1238 2912 albus
1258 2881 1423 2912 dentibus
1447 2890 1468 2911 a
1491 2878 1612 2910 lacte’¹
1632 2879 1715 2918 (Gen

414 2936 436 2958 x
453 2937 499 2958 ix,
519 2935 568 2965 11,
588 2934 626 2957 12
652 2937 659 2958 :
