2008 3360
259 354 344 408 706
674 359 1008 394 APOCALYPSIS
1039 359 1338 392 EXPLICATA.

259 477 540 527 quapropter
559 476 584 493 “
597 472 779 512 rubrum
791 470 810 486 ’'
828 470 932 511 inde
955 469 1162 510 existens
1183 468 1410 522 significat
1428 468 1562 523 quale
1582 468 1749 510 amoris

259 535 303 575 in
330 542 518 588 utroque
544 546 704 574 sensu:
743 531 884 573 rufum
911 532 1047 572 etiam
1074 530 1175 579 hoc,
1204 544 1281 572 seu
1306 531 1446 572 rufum
1479 530 1606 584 hujus
1632 530 1748 584 equi,

259 597 303 638 in
326 596 479 649 lingua
497 595 670 637 Graeca
687 594 891 648 originali
914 594 1076 634 dicitur
1094 607 1152 634 ex
1175 593 1292 646 igne.
1353 593 1427 634 Ex
1450 593 1531 642 his,
1551 599 1596 634 et
1620 591 1749 634 simul

261 674 320 702 ex
353 660 655 712 descriptione
687 658 813 710 hujus
846 657 946 710 equi
984 657 1028 697 in
1065 656 1150 697 hoc
1182 670 1327 706 versu,
1361 663 1488 710 patet
1526 657 1644 697 unde
1680 662 1750 697 est

260 723 380 778 quod
414 727 591 776 “equus
623 720 774 762 rufus”
805 719 1028 773 significet
1060 717 1341 761 intellectum
1373 719 1512 760 Verbi
1544 719 1750 773 deperdi-

259 794 355 829 tum
382 786 531 840 quoad
557 786 736 826 bonum.

343 847 427 901 [b.]
471 845 606 899 Quod
625 850 649 866 “
663 843 834 898 equus’'
849 843 1077 896 significet
1095 842 1264 897 aliquid
1281 843 1344 884 rei
1362 849 1576 884 constare
1593 849 1750 897 potest

261 909 496 951 manifeste
519 922 576 948 ex
608 922 675 955 eo,
704 906 823 960 quod
855 906 955 959 equi
986 905 1067 945 visi
1098 906 1188 946 sint
1214 905 1394 959 quando
1422 909 1616 958 “aperta
1646 911 1750 946 sunt

260 971 446 1026 sigilla,’'
472 984 522 1012 ac
556 971 715 1011 dicitur
746 968 865 1022 quod
892 968 1152 1009 “exiverint
1171 967 1203 1018 ;''
1236 981 1325 1008 non
1357 968 1474 1008 enim
1507 973 1750 1021 potuerunt

260 1035 361 1089 equi
378 1035 502 1075 exire
517 1048 575 1074 ex
595 1033 719 1080 libro,
737 1032 814 1072 sed
830 1030 1103 1072 manifestari
1121 1030 1224 1071 illae
1238 1045 1307 1072 res
1322 1044 1435 1084 quae
1450 1044 1527 1083 per
1543 1034 1567 1050 ‘⁴
1582 1044 1721 1084 equos
1732 1030 1751 1046 ”

260 1097 579 1151 significantur.
661 1095 794 1148 Quod
834 1093 1047 1148 “equus‘’
1083 1092 1305 1146 significet
1346 1091 1665 1141 intelleftuale‚
1704 1099 1751 1135 et

263 1159 454 1201 “color'’
476 1159 606 1213 quale
633 1158 737 1211 ejus,
762 1158 818 1198 ab
843 1157 1124 1210 experientia
1147 1157 1427 1197 notissimum
1455 1156 1560 1196 mihi
1586 1154 1750 1197 sactum

262 1230 360 1274 est;
396 1223 478 1263 visi
509 1223 627 1263 enim
655 1221 760 1261 mihi
792 1227 896 1260 sunt
928 1220 1108 1273 spiritus
1139 1219 1389 1273 aliquoties,
1417 1220 1490 1272 qui
1517 1219 1573 1260 de
1605 1219 1752 1273 aliqua

261 1300 309 1327 re
349 1300 407 1327 ex
445 1283 678 1326 intellectu
715 1283 921 1324 meditati
963 1288 1081 1330 sunt,
1121 1282 1239 1336 quod
1281 1282 1580 1335 equitaverint
1621 1296 1752 1335 super

262 1349 384 1402 equis
401 1362 410 1398 ;
437 1354 482 1388 et
501 1360 600 1387 cum
620 1347 719 1386 illos
738 1347 1063 1398 interrogarem
1083 1358 1186 1385 num
1206 1345 1520 1398 equitaverint,
1540 1345 1751 1386 dixerunt

263 1411 383 1465 quod
417 1424 522 1459 non,
556 1411 634 1450 sed
668 1409 787 1462 quod
819 1409 1031 1450 steterint
1063 1408 1373 1449 meditabundi
1410 1407 1466 1448 de
1497 1407 1644 1461 aliqua
1674 1421 1749 1449 re:

262 1474 365 1515 inde
402 1474 547 1527 patuit
587 1473 706 1526 quod
748 1472 966 1525 equitatio
1003 1485 1135 1525 super
1169 1485 1284 1525 equo
1324 1470 1451 1511 fuerit
1490 1471 1753 1524 apparentia

262 1543 606 1590 repraesentans
629 1536 937 1588 operationem
960 1532 1216 1576 intellectus
1242 1547 1408 1574 eorum.
1469 1533 1552 1574 Est
1576 1547 1752 1587 quoque

263 1599 387 1641 locus
409 1600 481 1653 qui
505 1605 692 1639 vocatur
724 1605 973 1639 conventus
1005 1596 1354 1650 intelligentium
1388 1603 1434 1637 et
1466 1597 1749 1650 sapientium,

263 1662 335 1703 ubi
367 1661 596 1715 perplures
622 1668 728 1702 eunt
755 1661 1091 1711 meditabundi;
1132 1666 1178 1701 et
1210 1673 1311 1700 cum
1342 1659 1500 1713 aliquis
1531 1673 1586 1699 eo
1611 1659 1750 1708 venit,

262 1732 481 1779 apparent
500 1725 538 1764 ei
556 1725 654 1777 equi
674 1725 716 1764 in
734 1724 857 1765 vario
875 1723 1040 1772 colore,
1057 1729 1103 1764 et
1121 1723 1240 1764 varie
1258 1721 1492 1776 phalerati,
1512 1727 1557 1762 et
1575 1735 1752 1776 quoque

263 1801 429 1836 currus,
453 1794 498 1828 et
525 1787 658 1840 aliqui
685 1788 941 1840 equitantes
967 1793 1013 1828 et
1033 1786 1174 1840 ‘aliqui
1200 1785 1412 1826 sedentes
1438 1785 1481 1825 in
1505 1798 1657 1835 curru;
1689 1784 1753 1825 illi

263 1851 399 1891 etiam
415 1863 515 1891 cum
534 1850 870 1902 interrogantur
888 1862 992 1890 num
1008 1850 1212 1903 equitent
1230 1861 1363 1901 super
1380 1849 1502 1901 equis
1520 1861 1571 1888 ac
1586 1848 1753 1888 vehan-

263 1920 335 1955 tur
366 1914 409 1954 in
442 1913 653 1959 curribus.
682 1913 836 1953 dicunt
869 1913 989 1966 quod
1022 1925 1127 1961 non,
1155 1912 1234 1952 sed
1266 1911 1385 1965 quod
1411 1910 1579 1951 vadant
1612 1910 1751 1951 medi-

263 1983 441 2026 tantes;
474 1976 577 2016 inde
599 1977 734 2016 etiam
758 1977 902 2029 patuit
920 1975 1024 2029 quid
1047 1989 1125 2028 per
1144 1973 1351 2028 “equos‘’
1369 1979 1414 2014 et
1437 1986 1515 2026 per
1534 1976 1721 2013 “currus
1733 1972 1753 1988 '’

263 2037 546 2091 significatur
571 2048 641 2085 (sed
656 2049 695 2077 de
710 2048 770 2077 hac
786 2057 818 2077 re
833 2048 1001 2077 videantur
1014 2047 1106 2086 plura
1120 2047 1152 2075 in
1167 2046 1323 2084 opusculo
1337 2046 1388 2075 De
1402 2046 1494 2083 Equo
1509 2045 1616 2083 Albo).
1675 2034 1752 2075 EX

263 2100 331 2141 his
363 2112 479 2140 nunc
512 2106 720 2140 constare
753 2106 905 2152 potest
938 2099 1055 2139 unde
1087 2104 1157 2138 est
1189 2097 1308 2151 quod
1333 2096 1526 2149 Johanni
1551 2096 1631 2136 visi
1664 2097 1753 2137 sint

264 2163 365 2216 equi
390 2163 571 2216 quando
593 2169 748 2215 aperta
766 2169 870 2203 sunt
893 2161 1041 2214 sigilla
1062 2161 1172 2209 libri,
1192 2168 1236 2201 et
1262 2173 1437 2213 quoque
1455 2159 1558 2212 quid
1582 2157 1750 2212 signifi-

265 2232 397 2266 cant:
446 2225 564 2279 quod
597 2226 696 2278 equi
739 2225 801 2265 illi
828 2225 909 2265 visi
952 2225 1056 2273 sint,
1089 2230 1158 2264 est
1191 2223 1292 2276 quia
1318 2223 1468 2263 omnia
1509 2221 1754 2275 spiritualia

264 2288 404 2329 Verbi
435 2288 478 2327 in
505 2300 636 2327 sensu
663 2286 753 2339 ejus
786 2286 964 2328 litterae
989 2287 1206 2327 sistuntur
1231 2298 1309 2338 per
1334 2284 1443 2325 talia
1468 2298 1583 2337 quae
1608 2297 1754 2324 corre-

264 2350 491 2405 spondent
523 2363 599 2390 seu
631 2364 744 2403 quae
776 2354 1132 2403 repraesentant,
1166 2354 1211 2388 et
1244 2347 1348 2388 inde
1380 2346 1663 2399 significant;
1706 2351 1752 2386 et

264 2414 349 2455 hoc
373 2427 431 2454 ex
455 2426 588 2453 causa
614 2419 660 2452 ut
685 2413 894 2452 Divinum
918 2413 976 2452 ibi
1001 2412 1043 2452 in
1067 2411 1233 2452 ultimis
1259 2411 1330 2458 sit,
1358 2416 1403 2450 et
1430 2409 1533 2449 inde
1556 2409 1751 2462 plenum,

265 2482 312 2517 ut
327 2489 459 2528 supra
472 2475 710 2528 aliquoties
725 2473 892 2515 dictum
908 2480 991 2515 est.
1039 2472 1173 2527 Quod
1189 2476 1214 2493 ‘⁴
1226 2471 1399 2513 rufum'’
1413 2485 1490 2511 seu
1507 2475 1531 2491 ‘⁶
1543 2471 1721 2511 rubrum
1734 2469 1754 2485 '’

267 2538 490 2591 significet
522 2537 652 2591 quale
682 2538 744 2577 rei
775 2538 921 2590 quoad
947 2537 1129 2585 bonum,
1157 2541 1366 2577 constare
1387 2535 1523 2575 etiam
1549 2539 1701 2587 potest
1728 2546 1755 2573 a

265 2601 555 2655 sequentibus
581 2601 648 2641 his
680 2600 790 2640 locis
821 2601 864 2640 in
891 2600 1046 2641 Verbo
1063 2598 1271 2652 z—Apud
1295 2597 1464 2646 Mosen,

334 2690 356 2705 ‘¹
369 2689 438 2732 Qui
456 2690 552 2721 lavat
568 2689 604 2720 in
621 2688 706 2720 vino
723 2688 971 2720 indumentum
989 2698 1103 2726 suum,
1123 2693 1159 2730 et
1178 2687 1214 2718 in
1231 2686 1406 2727 sanguine
1422 2694 1571 2717 uvarum
1588 2684 1751 2716 velamen

440 2742 564 2765 suum:
590 2733 695 2764 ruber
711 2732 822 2778 oculis
840 2742 924 2772 prae
941 2733 1039 2771 vino,
1059 2738 1094 2763 et
1113 2731 1215 2763 albus
1234 2731 1359 2762 dentes
1378 2739 1463 2770 prae
1483 2727 1574 2760 1a<ste
1585 2727 1604 2740 '’
1620 2728 1751 2768 (Genes-

439 2777 524 2808 xlix.
541 2785 591 2814 11,
611 2777 684 2816 12):

265 2867 375 2908 haec
395 2867 438 2907 in
456 2866 720 2919 prophetico
736 2865 913 2906 Israelis
931 2866 1069 2919 patris
1087 2865 1144 2906 de
1159 2863 1363 2918 Jehudah
1380 2877 1389 2914 ;
1419 2868 1465 2903 et
1483 2875 1561 2915 per
1580 2860 1753 2914 “Jehu-

267 2929 401 2970 dam’'
427 2930 486 2969 ibi
517 2928 782 2981 intelligitur
806 2927 1026 2969 Dominus
1053 2927 1200 2982 quoad
1232 2927 1397 2967 bonum
1423 2923 1600 2971 amoris,
1629 2929 1676 2964 et
1707 2923 1751 2963 in

265 3006 398 3033 sensu
419 2990 669 3046 respectivo
687 3005 872 3045 regnum
891 2991 1088 3032 caeleste
1108 2989 1289 3031 Domini
1306 3002 1316 3040 ;
1348 2988 1452 3042 quid
1475 3000 1552 3041 per
1574 2985 1754 3039 singula
