2008 3360
227 287 311 342 746
638 297 969 330 APOCALYPSIS
1001 297 1300 332 EXPL1CATA.

227 423 361 464 quam
393 410 615 464 propheta
643 417 830 459 amaret,
859 409 1081 463 signifieat
1108 410 1345 452 ecclesiam
1373 410 1539 463 talem;
1575 415 1710 454 “mu-

228 473 307 514 lier
319 473 339 489 ”
356 473 609 523 ecclesiam,
631 478 821 514 “amata
839 474 961 514 socio
979 480 1024 514 et
1043 473 1304 515 adulterans
1316 474 1336 490 '’
1352 474 1711 527 falsificationem

226 537 318 577 veri
340 543 386 578 et
409 537 788 578 adulterationem
812 537 942 578 boni:
973 536 1139 589 “juxta
1161 550 1360 578 amorem
1380 537 1580 590 Jehovae
1602 552 1712 592 erga

226 598 339 640 filios
365 599 564 651 Israelis,
598 606 643 641 et
677 600 721 640 hi
752 600 1044 653 respicientes
1075 599 1131 640 ad
1164 600 1273 641 deos
1304 599 1455 649 alios‚”
1486 600 1709 654 significat

226 662 337 703 falsa
351 661 580 704 doctrinae
595 670 640 704 et
657 662 775 704 mala
790 662 937 704 cultus
954 677 963 713 ;
988 662 1098 704 haec
1115 661 1423 716 significantur
1437 677 1515 716 per
1532 667 1557 683 “
1569 665 1709 718 respi-

226 738 326 766 cere
351 727 408 766 ad
435 726 543 767 deos
570 726 680 767 alios
698 725 732 766 :'’
761 730 1005 766 “amantes
1032 724 1218 779 lagenas
1243 725 1458 766 uvarum”
1485 725 1709 779 significat

227 787 427 829 Verbum
450 789 493 829 in
516 789 614 829 solo
631 802 763 829 sensu
786 788 979 836 litterae,
1000 801 1104 828 nam
1125 788 1314 829 “vinum
1326 787 1346 803 ’'
1363 787 1586 842 significat
1604 803 1710 830 vera

226 849 456 892 doctrinae
482 866 540 892 ex
568 851 736 900 Verbo,
766 851 948 895 “uvae'’
974 851 1098 892 bona.
1123 850 1216 904 ejus
1247 865 1306 892 ex
1332 851 1489 904 quibus
1515 865 1634 900 vera,
1662 858 1708 894 et

228 914 459 968 “lagena”
482 915 524 955 id
547 915 666 968 quod
690 915 893 955 continet
913 929 921 964 ;
954 915 1018 955 ita
1036 914 1242 955 ultimum
1260 913 1399 955 Verbi
1422 927 1616 964 sensum,
1635 915 1709 969 qui

225 984 294 1019 est
333 991 488 1018 sensus
527 977 720 1026 litterae,
754 991 886 1031 quem
923 977 1154 1031 applicant
1186 978 1274 1018 suis
1310 976 1431 1018 salsis
1468 983 1514 1018 et
1552 977 1706 1018 malis:

225 1041 343 1094 quod
387 1042 758 1094 “comparaverit
799 1041 881 1081 sibi
921 1040 1044 1081 illam
1084 1054 1162 1094 per
1201 1040 1454 1095 quindecim
1494 1041 1671 1094 argenti
1689 1039 1710 1056 ”

225 1103 447 1157 significat
466 1105 632 1157 exiguo
650 1105 795 1157 pretio
812 1118 820 1153 ;
852 1107 876 1124 “
889 1103 1175 1157 quindecim”
1192 1102 1448 1157 significant
1465 1104 1679 1156 exiguum
1697 1116 1705 1143 :

227 1170 393 1207 “corus
417 1167 685 1208 hordeorum
708 1173 753 1207 et
777 1167 1020 1207 semicorus
1042 1165 1344 1207 hordeorum’'
1366 1165 1589 1220 significat
1612 1172 1708 1207 tam

225 1243 379 1283 parum
406 1230 510 1270 boni
537 1237 582 1271 et
610 1231 699 1270 veri
727 1236 774 1270 ut
802 1230 878 1270 vix
905 1229 1084 1283 aliquid.
1146 1228 1284 1283 Apud
1308 1229 1599 1278 Matthaeum,

295 1325 480 1368 Johannes
505 1326 548 1357 de
572 1326 669 1367 Jesu,
692 1326 790 1357 “Ille
815 1335 880 1356 vos
905 1325 1101 1366 baptizabit
1125 1325 1252 1365 spiritu
1276 1323 1402 1356 sancto
1426 1330 1461 1356 et
1484 1324 1578 1365 igne,
1606 1324 1708 1364 cujus

397 1370 634 1401 ventilabrum
650 1370 685 1400 in
700 1379 809 1400 manu
823 1369 952 1410 Ipsius,
967 1375 1001 1400 et
1015 1369 1246 1410 perpurgabit
1256 1378 1377 1400 aream
1391 1378 1503 1406 suam,
1518 1374 1553 1400 et
1566 1368 1710 1408 colliget

398 1413 551 1444 triticum
566 1413 601 1497 ir)1
619 1413 797 1451 horreum,
815 1412 954 1453 paleam
968 1418 1088 1444 autem
1102 1413 1287 1444 comburet
1300 1412 1382 1452 igne
1395 1411 1680 1452 inexstinguibili
1691 1410 1709 1424 '⁹

397 1457 460 1496 (iii.
481 1465 529 1495 11,
546 1465 584 1488 12
610 1468 616 1489 :

224 1571 302 1611 per
321 1557 587 1611 “baptizare
606 1558 760 1610 spiritu
779 1555 937 1598 sancto
954 1563 1000 1598 et
1023 1556 1126 1610 igne
1139 1555 1158 1571 ''
1176 1555 1452 1609 significatur
1469 1555 1708 1596 reformare

224 1620 461 1661 ecclesiam
493 1627 539 1661 et
571 1633 836 1673 regenerare
873 1619 1102 1660 hominem
1133 1618 1350 1660 ecclesiae
1387 1632 1465 1672 per
1497 1618 1707 1659 Divinum

224 1681 394 1724 Verum
409 1689 454 1724 et
471 1683 682 1723 Divinum
699 1682 873 1723 Bonum
890 1697 899 1732 ;
921 1686 946 1703 “
959 1683 1187 1735 baptizare
1199 1681 1218 1696 '’
1230 1681 1453 1734 significat
1468 1680 1708 1722 reformare

223 1752 269 1786 et
287 1759 566 1798 regenerare,
586 1747 803 1799 “spiritus
819 1743 1000 1786 sanetus
1012 1745 1031 1760 '’
1046 1745 1257 1785 Divinum
1273 1743 1442 1785 Verum
1457 1743 1707 1797 procedens

223 1808 280 1848 ab
303 1808 420 1861 Ipso,
446 1815 491 1849 et
517 1810 669 1862 “ignis
682 1808 700 1823 ”
724 1808 935 1849 Divinum
959 1807 1133 1848 Bonum
1157 1807 1305 1848 Divini
1328 1805 1511 1847 Amoris
1535 1806 1704 1860 Ipsius:

223 1883 301 1923 per
326 1871 594 1911 “triticum'’
617 1871 735 1925 quod
762 1871 948 1924 colliget
971 1871 1014 1911 in
1039 1870 1261 1918 horreum,
1286 1876 1332 1910 et
1359 1883 1437 1923 per
1461 1868 1707 1923 “paleam”

223 1946 356 1986 quam
371 1934 604 1974 comburet
624 1934 727 1986 igne
746 1932 1119 1986 inexstinguibili,
1135 1931 1411 1985 significatur
1426 1932 1592 1972 bonum
1608 1944 1705 1972 om-

224 1996 291 2035 nis
312 1996 490 2048 generis
513 1996 632 2049 quod
655 2011 713 2037 ex
732 1996 903 2049 origine
925 1995 1112 2036 caelesti
1133 1994 1252 2048 quod
1274 1995 1318 2034 in
1341 1996 1581 2035 aeternum
1597 2007 1705 2035 con-

223 2065 492 2107 servaturus,
517 2059 580 2099 ita
602 2073 679 2099 eos
702 2060 774 2112 qui
800 2060 844 2099 in
866 2058 944 2099 illo
969 2064 1088 2107 sunt,
1112 2064 1158 2098 et
1180 2056 1340 2098 falsum
1362 2058 1507 2097 omnis
1528 2058 1706 2110 generis

222 2121 340 2174 quod
366 2135 424 2161 ex
451 2122 621 2174 origine
648 2121 849 2162 infernali
876 2121 996 2175 quod
1022 2118 1341 2168 destructurus,
1370 2120 1434 2160 ita
1459 2133 1536 2160 eos
1562 2120 1636 2173 qui
1661 2120 1706 2160 in

221 2183 300 2224 illo
317 2191 420 2225 sunt
439 2198 447 2234 ;
475 2191 521 2225 et
539 2186 641 2238 quia
658 2185 820 2226 dicitur
840 2189 864 2205 “
878 2183 1115 2232 triticum‚”
1136 2183 1381 2224 “horreum
1394 2182 1412 2198 ’'
1430 2190 1476 2224 et
1498 2186 1522 2203 “
1536 2182 1705 2236 palea,''

222 2247 359 2287 etiam
374 2247 534 2288 dicitur
549 2251 573 2267 “
586 2247 886 2288 ventilabrum
898 2247 973 2288 ”et
988 2251 1012 2267 “
1025 2245 1228 2295 area‚”ac
1244 2260 1322 2300 per
1336 2249 1360 2266 “
1373 2245 1674 2286 ventilabrum
1685 2244 1705 2261 ''

222 2308 497 2362 significatur
534 2311 771 2363 separatio,
811 2324 862 2351 ac
901 2324 978 2364 per
1011 2313 1036 2330 ‘⁴
1052 2308 1233 2350 aream'’
1270 2308 1342 2350 ubi
1379 2309 1605 2362 separatio
1640 2307 1702 2350 fit.

222 2371 359 2425 Apud
385 2372 591 2420 eundem,

291 2468 397 2510 Jesus
423 2468 522 2507 dixit,
546 2469 699 2501 “Simile
725 2476 779 2501 est
805 2479 954 2510 regnum
980 2469 1160 2501 caelorum
1185 2468 1323 2500 homini
1348 2467 1543 2500 seminanti
1568 2469 1704 2500 bonum

393 2522 516 2543 semen
537 2512 572 2543 in
590 2523 676 2552 agro
694 2523 770 2549 suo,
791 2514 853 2544 sed
873 2523 952 2544 cum
970 2513 1216 2544 dormiverunt
1231 2511 1408 2550 homines,
1429 2511 1528 2542 venit
1543 2511 1621 2551 ejus
1638 2511 1704 2543 ini-

393 2556 505 2587 micus
522 2562 557 2587 et
570 2557 760 2587 seminavit
774 2557 956 2588 zizaniaet
969 2556 1081 2588 abivit
1094 2567 1100 2588 :
1126 2565 1234 2597 quum
1248 2565 1333 2586 vero
1346 2555 1562 2595 germinavit
1578 2555 1700 2592 herba,
1744 2589 1745 2592 Ἰ

392 2607 428 2630 et
440 2597 593 2630 fructum
608 2599 701 2637 fecit,
716 2605 799 2631 tunc
810 2605 1053 2640 apparuerunt
1063 2599 1171 2631 etiam
1183 2599 1318 2630 zizania
1331 2609 1338 2630 :
1360 2599 1570 2630 accedentes
1582 2604 1701 2630 autem

392 2642 485 2674 servi
510 2642 779 2682 patrisfamilias
804 2643 969 2674 dixerunt
991 2643 1053 2681 illi,
1082 2642 1247 2680 Domine,
1275 2651 1395 2673 nonne
1419 2643 1554 2672 bonum
1579 2652 1702 2673 semen

392 2686 576 2717 seminasti
601 2686 637 2717 in
658 2696 744 2725 agro
765 2688 848 2718 tuo?
874 2687 968 2718 unde
988 2687 1074 2726 ergo
1093 2687 1199 2717 habet
1218 2685 1375 2717 zizania?
1422 2684 1491 2716 Hic
1511 2690 1595 2716 tunc
1615 2685 1703 2716 dixit

393 2729 475 2766 illis,
498 2729 668 2760 Inimicus
684 2730 792 2760 homo
812 2730 879 2761 hoc
896 2730 989 2762 fecit.
1040 2730 1138 2761 Servi
1155 2735 1273 2760 autem
1290 2729 1467 2766 dixerunt,
1487 2728 1598 2760 Visne
1615 2738 1702 2768 ergo

391 2779 562 2804 exeuntes
576 2773 786 2812 colligamus
800 2775 864 2805 ea?
910 2773 992 2813 Ipse
1005 2782 1091 2804 vero
1104 2773 1202 2810 dixit,
1219 2772 1312 2810 Non,
1327 2782 1372 2803 ne
1386 2772 1478 2803 forte
1491 2772 1701 2812 colligentes

391 2816 528 2847 zizania
552 2816 737 2847 eradicetis
765 2817 871 2848 simul
900 2826 980 2848 cum
1008 2817 1077 2848 illis
1103 2816 1280 2853 triticum;
1312 2815 1418 2847 sinite
1444 2825 1516 2846 una
1542 2825 1701 2847 crescere

391 2865 538 2900 utraque
551 2869 663 2899 usque
678 2860 722 2890 ad
739 2870 904 2897 messem,
921 2866 956 2891 et
972 2860 1009 2891 in
1022 2865 1183 2900 tempore
1196 2858 1323 2890 messis
1337 2858 1451 2889 dicam
1466 2858 1697 2896 messoribus,

392 2902 558 2942 Colligite
579 2902 675 2942 prius
695 2903 840 2940 zizania,
861 2910 895 2935 et
915 2903 1080 2943 colligate
1100 2913 1143 2934 ea
1161 2902 1406 2934 infasciculos
1423 2902 1467 2933 ad
1487 2902 1701 2934 comburen-

390 2947 474 2978 dum
488 2956 541 2984 ea,
557 2946 711 2977 triticum
726 2956 811 2978 vero
825 2953 1040 2987 congregate
1057 2947 1093 2978 in
1111 2947 1278 2979 horreum
1292 2955 1412 2978 meum
1423 2945 1441 2957 ”
1454 2944 1541 2987 (xiii.
1556 2944 1676 2987 24-30)
1691 2956 1698 2978 :
