2008 3360
608 342 714 382 CAP.
738 349 817 391 vr,
841 345 979 382 VERs.
1005 348 1151 382 2.——N=.
1178 350 1226 393 35
1235 339 1351 394 5[g].
1647 341 1733 394 683

236 463 468 505 hominem
501 463 545 504 in
572 464 722 517 capite
748 464 937 505 nostro''
963 451 1241 517 significatu'r
1265 463 1385 518 quod
1418 462 1566 505 nullus
1597 463 1733 504 intel·-

236 525 380 569 lthus
411 527 532 577 veri;
570 540 648 580 per
683 526 983 568 “hominem’'
1014 527 1085 568 hic
1118 526 1397 580 significatur
1426 526 1736 580 intelligentia

235 604 296 632 ex
311 591 505 645 proprio,
518 604 632 644 quae
648 589 770 630 nulla
784 590 1090 644 intelligentia
1103 597 1188 639 est,
1201 596 1247 631 et
1261 589 1407 631 simile
1422 603 1501 643 per
1515 593 1683 643 “caput
1699 589 1735 630 :'’

236 654 340 707 quia
365 653 478 694 haec
502 652 826 706 significantur,
851 654 955 694 ideo
977 654 1154 702 dicitur,
1181 653 1484 694 “intravimus
1509 653 1553 693 in
1579 653 1733 706 ignem

236 723 283 758 et
309 731 449 771 aquas
466 716 499 767 ;”
534 717 615 756 “in
642 717 825 769 ignem'’
853 723 923 758 est
955 718 999 757 in
1026 716 1146 757 mala
1171 730 1285 770 quae
1312 730 1371 757 ex
1397 729 1552 757 amore
1577 716 1657 765 sui,
1686 722 1733 757 et

239 781 325 821 “in
365 793 504 834 aquas
519 779 538 794 '’
575 786 645 820 est
687 780 733 820 in>
771 779 911 820 falsa:
957 779 1164 821 liberatio
1203 779 1308 820 inde
1348 778 1619 832 intelligitur
1655 792 1735 832 per

239 843 477 884 “eduxisti
498 849 654 883 tamen
677 856 759 882 nos
782 843 826 883 in
849 842 1136 883 latitudinem
1154 842 1187 893 ;’'
1219 841 1454 883 “latitudo
1466 841 1484 856 '’
1507 841 1732 895 significat

190 908 196 910 ⁴
235 919 406 955 verum,
435 912 483 946 ut
510 919 656 959 supra.
717 905 855 959 Apud
879 905 1084 955 Esaiam,

306 1002 415 1034 “Vae
439 1002 740 1034 descendentibus
772 1002 808 1033 in
832 1001 1040 1043 Aegyptum
1065 1011 1130 1043 pro
1154 1001 1298 1039 auxilio,
1326 1007 1362 1033 et
1380 1011 1494 1044 'super
1517 1001 1617 1042 equis
1642 1001 1734 1032 inni-

411 1052 545 1084 tuntur,
559 1052 595 1077 et
607 1045 792 1077 confidunt
808 1056 915 1086 super
925 1055 1028 1077 curru
1036 1070 1128 1083 .....
1141 1046 1204 1077 sed
1215 1055 1288 1076 non
1301 1045 1495 1085 respiciunt
1505 1045 1549 1076 ad
1563 1043 1733 1076 Sannum

413 1089 568 1126 Israelis,
585 1096 620 1120 et
632 1089 808 1131 Jehovam
824 1087 964 1131 [Ulnon]
981 1093 1156 1130 quaerunt
1169 1099 1193 1127 ;.
1207 1114 1214 1120 .
1229 1113 1237 1121 .
1251 1098 1350 1121 ‚nam
1365 1089 1552 1129 Aegyptus
1570 1089 1679 1120 homo
1697 1095 1732 1120 et

411 1143 485 1164 non
505 1133 614 1171 Deus,
634 1140 670 1165 et
686 1133 767 1174 equi
784 1133 861 1174 ejus
878 1143 960 1164 caro
978 1139 1014 1164 et
1030 1143 1103 1164 non
1121 1132 1267 1173 spiritus
1278 1132 1296 1144 '’
1313 1132 1422 1174 (xxxi.
1438 1131 1535 1173 1,v3)·:

236 1243 316 1283 per
343 1224 684 1282 “Aegyptum‘'
710 1229 755 1269 in
787 1227 943 1269 Verbo
975 1220 1254 1281 significatur
1284 1227 1581 1269 scientificum
1613 1227 1733 1281 quod

236 1293 281 1333 in
304 1292 498 1333 naturali
522 1292 720 1340 homine,
741 1298 788 1332 et
810 1292 914 1332 inde
931 1305 1108 1345 quoque
1126 1290 1345 1331 naturalis
1368 1291 1532 1341 homo;
1566 1297 1612 1331 et
1631 1292 1734 1344 quia

237 1355 454 1397 naturalis
495 1355 634 1396 homo
676 1368 778 1396 cum
820 1353 1068 1406 scientifico
1105 1354 1224 1407 quod
1264 1354 1308 1394 in
1346 1353 1424 1395 illo
1462 1367 1553 1394 non
1594 1353 1733 1394 habet

237 1418 431 1472 aliquem
458 1416 758 1466 intellectum,
788 1417 867 1458 sed
894 1417 1031 1457 modo
1057 1417 1390 1469 cogitationem·
1413 1430 1473 1458 ex
1500 1418 1732 1466 memoria,

236 1495 352 1535 quae
374 1488 445 1523 est
467 1482 642 1536 species
665 1480 1001 1534 imaginationis
1027 1493 1086 1520 ex
1109 1478 1296 1532 objectis
1319 1480 1437 1520 visus
1464 1486 1511 1521 et
1537 1480 1732 1528 auditu-s,

236 1557 351 1598 quae
367 1546 470 1599 quia
487 1551 557 1586 est
580 1545 692 1585 infra
710 1543 1002 1598 spiritualem,
1022 1543 1067 1583 in
1085 1557 1172 1596 quo
1190 1549 1345 1583 tamen
1364 1543 1563 1584 resident
1583 1544 1735 1583 omnia

236 1608 358 1649 bona
383 1614 430 1649 et
456 1622 563 1649 vera
595 1607 708 1649 caeli
740 1614 787 1648 et
819 1606 1053 1654 ecclesiae,
1081 1605 1185 1646 inde
1217 1619 1295 1658 per
1324 1606 1633 1660 “Aegyptum
1646 1605 1665 1621 ”
1690 1607 1734 1646 in

203 1684 212 1685 ’
237 1671 462 1725 plerisque
494 1671 606 1712 locis
638 1669 917 1723 significatur
946 1667 1242 1709 scientificum
1274 1668 1460 1719 salsum;
1495 1683 1599 1710 nam
1632 1682 1734 1709 cum

237 1734 480 1788 spiritualis
510 1734 649 1775 homo
676 1747 767 1774 non
794 1733 948 1781 influit,
977 1737 1215 1772 vertuntur
1241 1732 1491 1773 scientifica
1517 1732 1734 1773 naturalis

237 1798 431 1839 hominis
450 1799 493 1838 in
512 1812 634 1838 mere
656 1797 782 1845 falsa,
802 1803 848 1837 et
867 1795 1172 1848 cogitationes
1190 1794 1283 1847 ejus
1304 1796 1348 1835 in
1367 1795 1734 1836 confirmationes

236 1860 335 1902 falsi
357 1867 403 1902 et
426 1861 470 1901 in
488 1860 860 1901 ratiocinationes
878 1873 937 1899 ex
959 1857 1046 1898 illis
1064 1863 1224 1897 contra
1242 1871 1372 1898 vera:
1401 1859 1505 1899 inde
1524 1865 1734 1899 constare

238 1930 392 1977 potest
430 1924 536 1978 quid
573 1936 652 1977 per
686 1927 866 1976 “equos
905 1920 1111 1973 Aegypti
1125 1920 1144 1935 ''
1176 1927 1222 1961 et
1259 1934 1337 1974 per
1377 1925 1570 1962 “currus
1585 1921 1604 1937 ”
1642 1921 1734 1974 ejus

238 1986 530 2040 significatur,
559 2000 723 2040 nempe
755 1984 876 2039 quod
908 1997 987 2037 per
1014 1987 1193 2037 “equos
1205 1983 1224 1998 ’¹
1256 1983 1504 2025 scientifica
1534 1984 1659 2034 falsa,
1687 1992 1734 2025 et

237 2063 317 2104 per
345 2053 535 2090 “currus
548 2049 568 2065 ’'
593 2047 862 2090 d0&rinalia
893 2061 952 2087 ex
982 2046 1140 2099 quibus
1172 2047 1542 2089 ratiocinationes
1575 2048 1736 2088 contra

237 2122 369 2164 vera;
397 2113 471 2167 qui
488 2114 640 2166 itaque
660 2112 776 2153 tales
795 2116 914 2159 sunt,
931 2122 1025 2150 non·
1041 2115 1261 2162 quaerunt
1279 2109 1459 2151 aliunde
1477 2125 1582 2151 vera
1600 2124 1734 2165 quam

237 2187 297 2216 ex
323 2186 397 2227 se;
431 2177 657 2230 proprium
685 2176 804 2216 enim
832 2173 1023 2226 cujusvis
1049 2172 1093 2212 in
1120 2172 1314 2213 naturali
1341 2173 1524 2214 homine
1549 2174 1732 2222 residet,

237 2244 284 2280 et
303 2251 393 2280 non
411 2239 639 2293 proprium
658 2239 702 2279 in
721 2236 940 2292 spirituali
959 2249 968 2286 ;
992 2241 1267 2288 quapropter
1285 2249 1366 2289 pro
1385 2237 1500 2277 veris
1518 2237 1734 2290 arripiunt

237 2301 349 2343 falsa
375 2309 422 2343 et
448 2316 529 2356 pro
555 2302 686 2343 bonis
709 2300 842 2349 mala,
867 2305 912 2340 et
939 2298 1052 2338 haec
1077 2298 1233 2339 dicunt
1260 2298 1380 2339 bona
1406 2305 1453 2340 et
1479 2299 1556 2339 illa
1578 2300 1734 2340 dicun-*t

237 2379 358 2415 vera,
387 2379 439 2407 ac
473 2365 569 2414 sibi,
598 2365 701 2419 quia
733 2377 813 2404 suo
846 2361 1039 2416 proprie,
1072 2360 1244 2402 fidunt:
1279 2360 1391 2403 haec
1424 2362 1736 2415 significantur

237 2435 317 2482 per
355 2425 916 2469 “Vae'descendentibus
952 2424 998 2464 in·
1034 2422 1318 2477 Aegyptum,
1358 2430 1405 2466 et
1442 2438 1575 2478 super
1610 2426 1735 2479 equis

237 2491 504 2540 innituntur,
529 2498 576 2532 et
603 2489 837 2531 confidunt
863 2500 995 2540 super
1020 2498 1149 2527 curru
1175 2487 1295 2540 quod
1323 2487 1505 2536 multus,
1531 2494 1576 2528 et
1603 2497 1736 2541 super

237 2554 462 2608 equitibus
501 2554 622 2608 quod
659 2552 795 2593 validi
826 2550 959 2591 valde
976 2548 1010 2599 ;”
1050 2549 1218 2602 “equi''
1249 2550 1308 2590 ibi
1345 2556 1450 2591 sunt
1486 2550 1736 2591 scientifica

237 2617 364 2667 falsa,
388 2623 435 2659 et
465 2621 655 2658 “currus
667 2616 686 2631 '⁹
712 2620 817 2656 sunt
843 2611 1110 2654 doctrinalia
1134 2612 1253 2661 inde,
1281 2626 1333 2654 ac
1363 2613 1608 2667 “equites'’
1629 2620 1735 2655 sunt

238 2681 612 2722 ratiocinationes
644 2692 703 2720 ex
735 2678 822 2719 illis
854 2682 1016 2717 contra
1046 2684 1178 2716 vera:
1218 2689 1354 2729 quare
1385 2677 1524 2717 etiam
1556 2677 1732 2726 dicitur,

236 2734 525 2798 “‘Aegyptus
551 2749 621 2784 est
651 2741 790 2782 homo
816 2746 862 2780 et
889 2751 981 2779 non
1013 2738 1150 2787 Deus,
1179 2744 1225 2779 et
1252 2739 1353 2792 equi
1379 2738 1474 2792 ejus
1497 2746 1603 2780 sunt
1631 2751 1735 2780 caro

238 2810 286 2848 et
305 2820 396 2848 non
415 2805 635 2860 spiritus,”
654 2817 732 2859 per
750 2803 869 2857 quod
887 2800 1165 2855 significatur
1182 2802 1301 2855 quod
1325 2815 1446 2843 mere
1464 2801 1670 2842 naturale
1689 2809 1734 2842 et

239 2883 331 2911 non
363 2869 594 2924 spirituale
628 2870 691 2909 eis
727 2867 847 2914 insit,
881 2865 985 2906 inde
1018 2878 1100 2906 nec
1133 2864 1302 2918 aliquid
1332 2867 1482 2916 vitae;
1522 2864 1734 2905 “homo’‘

238 2932 463 2986 significat
497 2931 751 2973 naturalem
787 2929 1034 2978 hominem,
1067 2934 1114 2969 et
1149 2926 1330 2969 “caro''
1361 2929 1588 2982 proprium
1625 2927 1732 2980 ejus,

241 3000 265 3016 ‘⁴
280 2996 403 3037 Deus
416 2996 434 3011 ’⁹
452 3002 498 3037 et
524 2993 773 3049 “spiritus”
796 2991 1055 3045 significant
1078 2991 1292 3032 Divinum
1314 2991 1591 3045 spiritualem
1614 2989 1731 3032 [2]ὴο-
