2008 3360
246 361 329 414 718
663 367 992 400 APOCALYPSIS
1025 366 1320 399 EXPLICATA.

250 484 379 535 “pax
392 480 412 496 ’'
433 493 514 534 pro
531 480 680 528 beato,
699 480 814 521 felici
837 485 882 520 et
900 478 1096 531 jucundo
1114 479 1311 528 caelesti,
1331 493 1444 534 quae
1466 481 1567 534 quia
1593 479 1738 521 solum

249 544 412 584 dantur
437 543 552 596 apud
580 542 680 583 illos
705 543 778 595 qui
804 548 958 582 amant
981 542 1126 582 facere
1152 550 1393 596 praecepta
1417 543 1610 591 Domini,
1635 542 1738 583 ideo

249 607 423 654 dicitur,
445 610 469 626 ‘⁴
484 606 576 645 Pax
600 605 742 645 multa
764 605 1019 644 amantibus
1045 603 1193 657 legem
1216 611 1339 645 tuam
1360 619 1368 655 ;
1389 636 1396 646 .
1418 637 1425 645 .
1447 637 1454 644 .
1473 603 1737 658 exspectavi

250 668 443 710 salutem
481 674 619 716 tuam,
651 667 870 720 Jehovah,
905 673 950 707 et
983 674 1224 720 praecepta
1261 674 1339 708 tua
1370 667 1523 718 seci;”.
1549 666 1740 708 “salus”

250 745 330 785 pro
355 732 448 772 vita
479 738 691 780 aeterna;
735 730 854 783 quod
888 742 977 770 non
1009 729 1095 770 illis
1127 730 1356 771 infestatio
1388 731 1444 771 sit
1476 744 1501 771 a
1533 730 1660 770 malis
1692 736 1739 770 et

250 794 384 897 (ἓίεἰε,
404 793 681 846 significatur
699 806 775 846 per
793 793 913 845 quod
933 796 1059 833 “non
1084 792 1169 833 illis
1190 792 1542 833 offendiculum.”
1601 792 1740 846 Apud

295 870 453 905 satam,

320 944 524 1019 “Jehova'h,
542 945 695 1028 ,daspone
713 954 833 984 pacem
853 944 968 982 nobis,
990 953 1073 975 nam
1099 944 1222 975 omnia
1237 954 1348 985 opera
1365 950 1488 975 nostra
1511 949 1678 984 operatus
1702 952 1742 975 es

426 998 473 1019 no
500 988 529 1019 is
592 988 685 1019 xxvi.
708 991 776 1026 12):

253 1071 354 1125 quia
385 1084 475 1125 pax
508 1086 533 1112 a
565 1071 661 1111 solo
685 1071 902 1123 Jehovah,
931 1071 1014 1111 hoc
1047 1077 1132 1118 est,
1161 1070 1358 1112 Domino
1385 1077 1468 1118 est,
1492 1077 1538 1112 et
1564 1071 1607 1111 in
1635 1070 1742 1111 saci-

254 1135 371 1175 endo
395 1135 558 1175 bonum
577 1135 634 1175 ab
654 1135 772 1188 Ipso,
792 1134 892 1174 ideo
910 1134 1086 1182 dicitur,
1106 1134 1361 1187 “Jehovah,
1380 1134 1567 1187 dispone
1585 1145 1743 1186 pacem

255 1199 397 1245 nobis,
425 1211 528 1238 nam
555 1198 705 1238 omnia
731 1211 867 1250 opera
893 1204 1048 1237 nostra
1070 1203 1281 1250 operatus
1307 1210 1354 1237 es
1382 1195 1546 1237 nobis.”
1606 1195 1744 1249 Apud

255 1261 461 1310 eundem,

323 1351 346 1365 ⁴‘
358 1350 487 1390 Angeli
512 1349 607 1390 pacis
625 1359 744 1380 amare
762 1349 858 1386 flent,
878 1349 1086 1381 devastatae
1102 1354 1187 1380 sunt
1212 1347 1369 1386 semitae,
1387 1347 1541 1379 cessavit
1565 1347 1744 1379 transiens

429 1394 523 1425 viam
536 1392 553 1404 '’
571 1393 705 1432 (xxxiii.
723 1401 752 1432 7,
768 1394 820 1433 8):

256 1476 358 1530 quia
389 1490 479 1529 pax
512 1482 581 1516 est
615 1490 640 1516 a
673 1476 883 1523 Domino,
912 1482 957 1516 et
990 1475 1032 1515 in
1065 1475 1192 1516 caelo
1223 1475 1280 1516 ab
1313 1475 1432 1528 Ipso,
1461 1473 1562 1514 ideo
1594 1473 1744 1527 angeli

257 1540 316 1580 ibi
337 1546 557 1580 vocantur
584 1538 771 1591 “angeli
798 1539 919 1591 pacis
938 1537 971 1588 ;’‘
1003 1544 1048 1578 et
1071 1538 1174 1591 quia
1199 1537 1322 1578 nulla
1349 1551 1438 1590 pax
1465 1536 1550 1577 illis
1576 1543 1645 1577 est
1672 1536 1744 1590 qui

257 1603 301 1643 in
341 1608 461 1643 terra
501 1602 544 1642 in
584 1602 711 1641 malis
752 1607 855 1642 sunt
897 1607 943 1642 et
984 1601 1087 1641 inde
1119 1599 1254 1647 falsis,
1287 1600 1390 1640 ideo
1429 1600 1589 1640 dicitur
1625 1598 1746 1652 quod

258 1678 407 1705 amare
430 1664 565 1705 fleant
587 1665 689 1717 quia
708 1664 1011 1704 “devastatae
1033 1670 1137 1703 sunt
1160 1663 1362 1710 semitae,
1381 1662 1576 1703 cessavit
1599 1667 1745 1712 trans-

258 1729 352 1769 iens
383 1729 500 1768 viam
518 1727 551 1777 ;”
585 1728 810 1768 “semitae
823 1726 843 1742 ’‘
869 1733 915 1767 et
944 1727 1053 1766 “via
1067 1725 1087 1741 ’'
1113 1725 1369 1778 significant
1401 1726 1519 1766 bona
1549 1725 1668 1765 vitae
1700 1731 1746 1765 et

257 1804 363 1831 vera
394 1789 522 1839 fidei;
565 1803 701 1843 quare
736 1790 1041 1830 “devastatae
1084 1788 1302 1829 semitae”
1335 1787 1589 1841 significant
1626 1787 1746 1840 quod

259 1866 348 1893 non
380 1853 568 1906 amplius
596 1854 713 1892 bona
738 1853 873 1900 vitae,
898 1859 943 1893 et
968 1852 1198 1892 “cessavit
1231 1851 1455 1891 transiens
1482 1851 1598 1890 viam
1610 1849 1630 1865 ''
1655 1850 1745 1902 sig·

260 1916 411 1957 nificat
437 1930 518 1957 nec
545 1916 734 1969 amplius
757 1930 861 1956 vera
888 1915 1003 1956 fidei.
1064 1914 1201 1968 Apud
1228 1914 1436 1962 eundem,

329 2006 351 2020 ⁸⁴
363 2005 510 2037 Utinam
524 2005 762 2035 auscultasses
777 2004 973 2044 praeceptis
988 2003 1087 2041 meis,
1105 2009 1140 2034 et
1156 2003 1276 2034 futura
1292 2002 1418 2033 fuisset
1432 2002 1522 2033 sicut
1536 2001 1665 2033 fluvius
1679 2010 1749 2042 pax
1770 1993 1772 1995 ¹

434 2055 504 2085 tua.
521 2055 556 2079 et
572 2048 708 2087 justitia
720 2055 779 2078 tua
793 2048 882 2079 sicut
896 2046 1022 2079 fluctus
1037 2047 1145 2078 maris
1159 2057 1182 2078 :.
1197 2071 1205 2078 .
1219 2070 1226 2078 .
1241 2056 1330 2078 ‚non
1348 2056 1428 2086 pax,
1445 2046 1559 2086 inquit
1571 2045 1745 2087 Jehovah,

433 2092 552 2132 impiis
565 2091 582 2102 ”
599 2092 722 2131 (xlviii.
742 2092 792 2128 18,
810 2092 884 2131 22):

261 2175 363 2229 quia
393 2174 479 2215 illis
502 2188 591 2227 pax
624 2181 692 2214 est
725 2174 798 2226 qui
820 2174 977 2214 vivunt
1010 2172 1254 2213 secundum
1282 2177 1524 2224 praecepta
1550 2170 1746 2218 Domini,

261 2244 308 2278 et
335 2251 423 2277 non
455 2237 540 2277 illis
567 2237 638 2290 qui
671 2250 760 2276 non
785 2237 955 2283 vivunt,
984 2236 1086 2276 ideo
1112 2235 1286 2282 dicitur,
1316 2234 1544 2275 “Utinam
1572 2232 1747 2273 auscul-

262 2307 407 2341 tasses
425 2300 674 2353 praeceptis
693 2300 815 2346 meis,
833 2306 878 2340 et
896 2299 1041 2340 futura
1055 2298 1209 2338 fuisset
1228 2310 1318 2350 pax
1335 2303 1412 2337 tua
1430 2297 1543 2336 sicut
1566 2295 1721 2336 fluvius
1737 2308 1747 2345 3

264 2376 353 2403 non
386 2376 475 2416 pax
508 2361 705 2415 impiis:'’
750 2366 879 2414 “pax
912 2362 1026 2401 sicut
1057 2360 1212 2400 fluvius
1225 2359 1244 2374 ''
1275 2358 1496 2411 significat
1533 2358 1576 2398 in
1608 2357 1749 2398 abun-

263 2426 443 2475 dantia3
492 2423 729 2477 “justitia”
769 2438 883 2477 quae
926 2424 1079 2463 “sicut
1120 2420 1276 2462 fluetus
1323 2422 1455 2460 maris
1468 2420 1486 2435 ''
1526 2418 1749 2472 significat

263 2486 647 2528 fructificationem
680 2487 784 2526 boni
817 2500 894 2539 per
917 2499 1023 2526 vera
1049 2482 1306 2538 (“justitia”
1333 2483 1375 2522 in
1403 2482 1557 2522 Verbo
1589 2481 1751 2521 dicitur

264 2551 319 2590 de
346 2550 479 2597 bono,
507 2562 556 2589 ac
587 2553 610 2568 “
628 2562 748 2588 mare
761 2548 779 2562 ”
806 2548 862 2588 de
889 2547 1040 2600 veris).
1101 2546 1237 2599 Apud
1264 2545 1471 2592 eundem,

333 2640 355 2653 ¹¹
370 2638 514 2670 Montes
526 2637 691 2668 recedent
704 2643 739 2667 et
752 2636 860 2667 colles
874 2636 1160 2673 dimovebantur,
1175 2634 1238 2665 sed
1252 2632 1495 2664 misericordia
1508 2641 1588 2663 mea
1601 2641 1623 2662 a
1635 2637 1750 2662 tecum

438 2691 510 2712 non
529 2681 667 2712 recedet
682 2689 688 2717 ;
714 2680 838 2710 foedus
857 2680 952 2719 pacis
971 2688 1070 2710 meae
1088 2688 1160 2709 non
1177 2676 1424 2709 dimovebitur.
1457 2700 1464 2708 .
1477 2701 1485 2710 .
1502 2700 1509 2709 .
1524 2675 1673 2707 .Omnes
1690 2673 1750 2704 filii

438 2725 487 2756 tui
504 2722 599 2755 docti
616 2733 637 2754 a
653 2723 826 2764 Jehovah,
846 2730 881 2754 et
898 2723 1008 2754 multa
1025 2732 1094 2762 pax
1111 2721 1261 2752 filiorum
1279 2727 1420 2751 tuorum
1431 2718 1450 2731 ”
1467 2718 1539 2756 (liv.
1556 2727 1605 2756 10,
1625 2719 1677 2757 13)
1692 2729 1698 2749 :

265 2810 413 2862 agitur
438 2808 496 2848 ibi
523 2807 578 2847 de
605 2819 723 2846 novo
746 2805 873 2846 caelo
895 2811 940 2846 et
967 2805 1023 2845 de
1047 2818 1162 2844 nova
1184 2802 1399 2851 ecclesia;
1433 2802 1552 2854 prius
1575 2799 1749 2840 caelum

266 2878 311 2912 et
349 2871 465 2924 prior
497 2868 700 2916 ecclesia,
734 2881 847 2921 quae
879 2868 1087 2920 peritura,
1120 2864 1386 2917 intelligitur
1422 2876 1499 2916 per
1532 2866 1750 2902 “montes

266 2932 478 2973 recedent
510 2937 556 2971 et
588 2929 728 2970 colles
753 2929 1099 2969 dimovebuntur
1119 2927 1152 2977 ;’'
1183 2926 1302 2980 quod
1328 2923 1423 2965 milli
1454 2924 1526 2977 qui
1558 2924 1600 2964 in
1629 2937 1747 2964 novo

267 2994 395 3036 caelo
417 2999 462 3034 et
485 3006 602 3033 nova
624 2991 814 3032 ecclesia
836 2997 965 3031 erunt
990 2991 1034 3030 in
1056 2990 1177 3030 bono
1200 3003 1226 3029 a
1253 2988 1461 3036 Domino,
1485 2992 1531 3027 et
1554 2986 1617 3026 eis
1639 2998 1749 3038 gau-
