2008 3360
302 362 386 409 702
717 363 1049 398 APOCALYPSIS
1079 362 1379 396 EXPLICATA.

371 477 571 528 “Vincenti
597 477 691 510 dabo
717 478 822 510 edere
848 478 891 510 de
917 479 1044 509 arbore
1067 477 1161 509 vitae
1186 487 1276 518 quae
1302 477 1339 509 in
1364 476 1484 509 medio
1510 476 1666 518 paradisi
1693 474 1789 509 Dei'·

371 565 394 579 ⁸⁴
405 521 652 596 vingssh})r'10n
669 564 828 596 laedetur
844 575 865 596 a
882 570 997 596 morte
1014 563 1200 608 secunda'’
1217 563 1267 602 (ii.
1286 563 1359 603 11);

371 609 394 622 ⁸⁴
405 607 561 639 Vincens
577 614 613 640 et
629 608 838 640 custodiens
852 617 962 648 opera
979 617 1060 638 mea
1071 617 1182 649 usque
1199 607 1245 639 ad
1262 606 1380 646 finem,
1395 607 1489 639 dabo
1506 607 1558 639 illi
1575 612 1788 648 potestatem

476 661 583 691 super
598 658 724 691 gentes
735 651 752 663 '’
769 652 818 690 (ii.
837 652 910 692 26);

370 694 570 732 “Vincens.
589 694 718 726 faciam
737 694 836 726 illum
854 695 1057 726 columnam
1075 694 1111 725 in
1128 694 1262 734 templo
1281 693 1376 726 Dei¹’
1393 694 1454 732 (iii.
1472 691 1578 733 [¹112);

370 737 573 775 “Vincens,
593 738 685 769 dabo
702 738 733 769 ei
751 738 875 770 sedere
895 737 1034 769 Mecum
1053 737 1089 768 in
1107 737 1237 768 throno
1254 744 1334 768 meo
1344 737 1363 750 ''
1379 737 1441 777 (iii.
1457 736 1510 777 21)
1525 747 1533 774 ;

370 782 392 795 ¹¹
403 781 576 831 Vicerunt
585 780 603 793 ”
615 781 809 813 draconem
825 783 920 821 “per
930 781 1142 821 sanguinem
1152 780 1260 821 Agni,
1271 786 1306 812 et
1317 790 1380 821 per
1390 780 1548 812 Verbum
1560 779 1760 812 testimonii
1769 778 1788 792 ’¹

369 824 782 951 “Vinfflrislgassidebit
805 867 938 905 omnia,
961 873 996 899 et
1019 876 1081 899 ero
1105 867 1155 899 illi
1181 867 1290 906 Deus,
1317 873 1353 899 et
1375 867 1436 899 ille
1460 867 1529 899 erit
1553 866 1643 898 Mihi
1667 866 1760 898 filius
1770 865 1788 878 ’'

486 920 556 943 xxi.
575 918 592 950 7
610 935 616 943 .

302 986 364 1029 Et
391 987 507 1041 apud
533 988 798 1036 Jolcannem,

371 1061 477 1105 Jesus
491 1063 535 1094 ad
549 1063 754 1104 discipulos,
764 1065 785 1078 ‘¹
799 1063 899 1094 Haec
912 1063 1052 1095 locutus
1065 1073 1145 1095 sum
1157 1063 1260 1095 vobis
1276 1069 1315 1095 ut
1331 1063 1368 1095 in
1386 1062 1447 1094 Me
1464 1072 1586 1103 pacem
1602 1062 1766 1094 habeatis
1780 1072 1788 1101 ;

473 1106 509 1138 in
536 1107 671 1138 mundo
691 1105 920 1138 afflictionem
945 1106 1096 1144 habetis.
1115 1107 1179 1138 sed
1202 1106 1381 1145 confidite,
1402 1106 1478 1147 Ego
1497 1106 1566 1138 vici
1586 1106 1758 1138 mundum
1770 1105 1788 1118 ''

473 1149 557 1190 (xvi.
573 1149 646 1190 33):

299 1238 377 1278 per
397 1225 516 1278 quod
540 1225 758 1265 Dominus
779 1226 971 1266 “vicerit
995 1225 1246 1273 mundum‚''
1262 1224 1528 1278 intelligitur
1545 1224 1664 1279 quod
1687 1225 1786 1265 sub-

293 1285 515 1339 jugaverit
534 1288 685 1327 omnia
707 1287 890 1335 inferna,
910 1300 1013 1327 nam
1034 1290 1058 1307 ‘⁸
1075 1287 1264 1328 mundus
1277 1287 1295 1302 '’
1313 1287 1371 1328 ibi
1393 1286 1616 1340 significat
1638 1287 1788 1328 omnia

299 1348 417 1389 mala
442 1354 488 1389 et
515 1348 627 1389 falsa
654 1363 766 1402 quae
793 1350 848 1389 ab
875 1349 1045 1390 inferno

371 1436 435 1477 (Ut
454 1447 593 1479 quoque
613 1439 707 1479 apud
728 1439 935 1481 Johannem,
956 1449 1033 1480 cap.
1049 1439 1122 1472 viii.
1140 1447 1200 1478 23:
1225 1449 1301 1480 cap.
1318 1439 1377 1471 xii.
1395 1448 1433 1478 31
1450 1449 1457 1476 ;
1481 1449 1557 1480 cap.
1573 1439 1645 1472 xiv.
1664 1447 1714 1479 17,
1734 1448 1784 1481 19,

472 1490 534 1520 30;
559 1491 634 1522 cap.
649 1492 706 1514 xv,
723 1483 773 1520 18,
791 1491 851 1522 19;
876 1492 952 1522 cap.
967 1482 1038 1515 xvi.
1054 1483 1084 1521 8,
1102 1490 1136 1514 11
1153 1491 1160 1521 ;
1184 1491 1259 1523 cap.
1273 1483 1358 1515 xvii.
1373 1493 1404 1524 9,
1421 1491 1471 1522 14,
1488 1484 1551 1523 16).

298 1554 450 1598 Simile
491 1571 569 1610 per
607 1561 631 1577 ‘⁴
647 1557 861 1606 vincere,'’
899 1558 971 1599 ubi
1009 1558 1065 1599 de
1107 1558 1315 1606 Domino,
1355 1558 1629 1611 significatur
1668 1559 1785 1612 apud

299 1617 501 1668 Esaiam,

366 1708 388 1721 ‘⁴
399 1707 488 1749 Quis
505 1707 561 1739 hic
579 1708 638 1748 qui
655 1708 752 1739 venit
770 1718 813 1739 ex
829 1708 954 1746 Edom,
967 1718 1181 1749 conspersus
1191 1715 1309 1740 vestes
1326 1719 1370 1740 ex
1389 1709 1539 1742 Bozra?.
1554 1734 1561 1741 .
1575 1734 1582 1741 .
1598 1709 1786 1741 .Torcular

471 1751 603 1782 calcavi
618 1752 727 1788 solus,
744 1758 779 1783 et
793 1752 836 1783 de
850 1752 990 1792 populis
1005 1762 1077 1783 non
1092 1752 1146 1783 vir
1161 1752 1303 1783 Mecum
1317 1764 1323 1784 :
1350 1759 1540 1792 propterea
1553 1753 1686 1784 calcavi
1705 1753 1786 1784 illos

470 1793 507 1825 in
526 1794 579 1825 ira
596 1804 685 1832 mea,
703 1801 737 1826 et
754 1795 962 1826 conculcavi
980 1805 1043 1827 eos
1061 1795 1097 1826 in
1114 1796 1411 1827 excandescentia
1428 1806 1527 1833 mea:
1552 1796 1646 1827 unde
1659 1806 1787 1838 sparsa

470 1843 525 1869 est
538 1836 689 1869 victoria
702 1848 826 1869 eorum
841 1849 949 1879 super
962 1845 1081 1870 vestes
1099 1849 1208 1876 meas,
1225 1845 1260 1870 et
1277 1849 1383 1870 omne
1398 1840 1652 1871 vestimentum
1667 1849 1785 1871 meum

470 1881 580 1949 Bpllui
596 1891 641 1964 ςὸ).
655 1906 662 1913 .
678 1888 729 1913 ,at
748 1882 967 1914 descendere
992 1882 1059 1914 feci
1084 1881 1120 1914 in
1142 1889 1275 1914 terram
1296 1881 1484 1914 victoriam
1509 1893 1633 1915 eorum
1645 1883 1663 1894 ”
1682 1883 1782 1923 (lxiii.

509 1933 537 1962 1,
555 1933 585 1963 3,
648 1935 654 1957 :

297 2006 444 2059 agitur
475 2006 532 2046 ibi
559 2006 615 2046 de
650 2006 859 2054 Domino,
889 2013 933 2047 et
961 2007 1017 2047 de
1049 2007 1209 2060 pugnis
1242 2006 1383 2059 Ipsius
1410 2013 1568 2047 contra
1599 2005 1784 2056 inferna,

296 2081 347 2108 ac
371 2067 427 2108 de
450 2067 763 2120 subjugatione
786 2071 964 2118 eorum;
999 2068 1100 2122 Ipse
1122 2068 1268 2122 quoad
1293 2068 1502 2109 Divinum
1527 2069 1785 2110 Humanum

296 2142 421 2169 suum
453 2129 718 2182 intelligitur
749 2130 805 2170 ibi
838 2143 917 2182 per
944 2130 1168 2178 “Edom‚'’
1193 2130 1266 2183 qui
1300 2134 1603 2184 “conspersus
1635 2138 1785 2172 vestes

295 2205 354 2231 ex
382 2190 525 2237 Bozra
542 2191 576 2241 ;”
607 2198 652 2231 et
671 2201 758 2244 ‘per
785 2195 975 2233 “vestes
1009 2192 1149 2246 Ipsius
1165 2192 1184 2207 ’¹
1209 2192 1484 2245 significatur
1511 2192 1709 2233 Verbum
1741 2193 1785 2233 in

295 2252 472 2303 littera;
507 2257 531 2272 ‘⁴
547 2260 697 2294 vestes
711 2253 730 2268 ”
753 2255 869 2294 enim
893 2254 1146 2307 significant
1169 2268 1273 2295 vera
1295 2255 1596 2302 investientia‚
1616 2261 1662 2295 et
1685 2266 1785 2295 cum

296 2314 351 2355 de
380 2314 590 2362 Domino,
615 2315 870 2368 significant
899 2316 1063 2356 Divina
1089 2330 1207 2364 vera,
1231 2316 1417 2369 proinde
1440 2316 1654 2364 Verbum,
1674 2311 1785 2369 quo-

296 2374 416 2414 niam
438 2374 498 2414 ibi
520 2380 626 2414 sunt
649 2375 802 2415 omnia
824 2375 990 2416 Divina
1007 2390 1114 2417 vera
1132 2386 1290 2423 (videatur
1301 2396 1405 2424 supra,
1419 2395 1450 2416 n.
1470 2385 1624 2428 195[c]).
1666 2374 1784 2416 Ver-

294 2435 399 2475 bum
431 2436 475 2475 in
507 2448 639 2475 sensu
671 2435 851 2476 litterae
883 2436 954 2477 hic
987 2438 1123 2478 etiam
1155 2436 1420 2489 intelligitur
1451 2451 1529 2490 per
1559 2436 1784 2485 “vestes,''

295 2497 396 2550 quia
419 2497 477 2537 ibi
500 2504 602 2537 sunt
626 2511 731 2537 vera
753 2498 1055 2547 investientia,
1079 2499 1262 2539 inservit
1284 2499 1402 2539 enim
1425 2511 1580 2539 sensus
1606 2498 1784 2539 litterae

295 2571 375 2611 pro
407 2564 534 2599 veste
567 2559 714 2599 sensui
746 2560 961 2612 spirituali
981 2573 1002 2615 :-
1033 2566 1079 2601 et
1111 2561 1212 2614 quia
1243 2560 1443 2600 Verbum
1476 2560 1622 2613 quoad
1659 2559 1783 2600 illum

295 2633 474 2661 sensum
498 2634 523 2660 a
549 2620 715 2673 populo
735 2621 922 2673 Judaico
945 2621 1207 2663 distractum
1230 2629 1313 2670 est,
1337 2628 1383 2663 et
1406 2636 1483 2675 per
1504 2622 1547 2662 id
1572 2622 1782 2662 Divinum

295 2680 464 2723 Verum
491 2682 807 2730 adulteratum,
832 2683 994 2724 dicitur
1018 2683 1334 2737 “conspersus
1360 2691 1510 2724 vestes
1536 2698 1594 2724 ex
1623 2683 1780 2732 Bozra,

296 2774 304 2783 .
324 2756 533 2796 ..sparsa
564 2749 632 2783 est
664 2741 849 2783 victoria
881 2757 1032 2784 eorum
1065 2758 1196 2798 super
1222 2751 1372 2785 vestes
1405 2757 1541 2792 meas,
1568 2750 1614 2785 et
1646 2757 1781 2784 omne

294 2805 615 2845 vestimentum
639 2818 786 2844 meum
813 2805 950 2858 pollui
968 2806 1002 2856 ;''
1035 2810 1223 2847 “vestes
1246 2820 1303 2847 ex
1333 2806 1505 2846 Bozra”
1527 2805 1782 2858 significant

295 2866 498 2906 ultimum
538 2866 690 2913 Verbi,
724 2867 845 2919 quod
882 2873 951 2907 est
989 2881 1145 2908 sensus
1182 2868 1360 2908 litterae
1396 2867 1516 2920 ejus;
1557 2866 1782 2908 “victoria

295 2937 447 2968 eorum
479 2941 609 2980 super
634 2934 784 2968 vestes
816 2929 969 2968 meas”
1001 2929 1222 2982 significat
1254 2931 1477 2970 sinistram
1509 2930 1777 2982 interpreta-

294 2990 462 3030 tionem
501 2997 545 3030 et
583 2989 931 3043 applicationem
973 2992 1063 3031 veri
1099 2992 1155 3032 ab
1191 2992 1241 3032 iis
1274 2992 1347 3045 qui
1383 2991 1567 3032 trahunt
1601 3004 1779 3032 sensum
