2008 3360
617 234 723 267 CAP.
747 234 827 275 v1.,
851 234 989 267 VERs.
1013 224 1161 266 6.—N.
1188 223 1363 279 376[d].
1655 207 1737 279 773

239 362 273 390 in
292 368 388 399 opere
409 360 460 389 De
482 359 572 389 Caelo
590 362 621 388 et
638 359 774 398 Inferno.
794 367 825 388 n.
847 358 997 395 276-283,
1017 359 1086 395 285.
1107 359 1176 391 288,
1191 365 1261 394 341,
1277 355 1352 395 382)
1369 359 1379 396 3
1411 359 1491 399 per
1518 349 1543 366 “
1557 345 1738 399 plateas

241 411 390 454 urbis’'
415 409 725 464 significantur
755 424 860 450 vera
891 407 1149 459 doctrinam
1186 422 1264 462 per
1297 411 1504 448 “matres
1517 407 1538 423 ”
1569 407 1738 461 signifi-

242 481 401 516 cantur
435 474 586 515 omnia
626 473 871 524 ecclesiae;
916 479 962 514 et
1002 486 1080 527 per
1118 471 1431 512 “frumentum
1471 477 1518 511 et
1555 469 1739 511 vinum''

241 532 551 591 significantur
580 537 624 576 in
655 549 822 589 genere
853 549 987 577 omne
1018 535 1186 577 bonum
1212 541 1258 575 et
1284 547 1438 575 verum
1466 533 1586 586 ejus;
1618 534 1739 587 quod

242 602 415 642 dicatur
429 599 548 654 quod
565 602 590 619 “
603 599 815 640 deficiant
833 599 947 640 sicut
965 598 1196 640 confossus
1212 598 1255 638 in
1274 597 1436 651 plateis
1453 597 1586 645 urbis,
1602 610 1739 651 quum

242 663 482 704 effunditur
512 663 662 703 anima
694 675 846 702 eorum
878 675 1010 715 super
1040 662 1184 702 sinum
1217 666 1411 701 matrum
1443 660 1637 708 eorum‚'’
1668 667 1738 701 est

242 727 344 780 quia
367 730 391 747 “
405 725 638 767 confossus
649 724 669 739 ”
691 724 915 777 significat
937 724 1038 765 illos
1061 724 1134 778 qui
1155 722 1445 778 spiritualiter
1466 729 1655 776 pereunt
1679 736 1739 762 ex

242 789 552 843 deprivatione
578 788 685 836 veri,
712 800 763 828 ac
796 801 875 841 per
902 788 1135 828 “animam
1148 786 1167 802 ’'
1191 785 1466 840 significatur
1491 786 1585 826 vita
1616 785 1740 838 spiri-

242 851 394 891 tualis.
461 861 574 899 (Quod
594 856 749 898 “plateae
767 859 882 888 urbis''
903 860 935 888 in
954 859 1071 897 quibus
1090 859 1252 893 deficiunt,
1271 858 1451 896 significent
1468 866 1545 886 vera
1563 857 1739 891 doetrinae,

241 910 386 939 videatur
399 918 430 939 n.
445 909 540 947 2336;
564 912 595 938 et
609 909 698 946 quod
714 911 730 922 ‘¹
741 907 867 937 mater''
884 908 916 937 in
931 908 1020 946 cujus
1035 908 1139 937 sinum
1154 907 1327 936 effunditur
1340 906 1457 941 anima,
1473 905 1626 943 significet
1640 906 1741 935 eccle-

241 960 330 995 siam,
343 969 374 990 n.
391 960 480 998 2691¹
497 967 586 996 2717,
602 967 692 996 3703,
707 965 798 996 4257,
813 956 936 995 [¹15581,
953 957 1058 997 8897.)
1115 946 1256 1000 Apud
1279 945 1576 998 Zepllaniam‚

311 1039 334 1052 ¹¹
346 1037 459 1070 Erunt
474 1047 562 1080 opes
578 1046 702 1069 eorum
726 1037 763 1068 in
788 1036 968 1077 praedam,
988 1042 1023 1068 et
1039 1036 1168 1068 domus
1184 1044 1307 1067 eorum
1331 1035 1367 1066 in
1384 1034 1681 1071 devastationem,
1699 1038 1740 1065 ut

416 1081 604 1113 aedificent
622 1081 750 1112 domos
775 1081 838 1112 sed
862 1090 935 1111 non
959 1080 1169 1117 inhabitent,
1189 1085 1224 1111 et
1247 1079 1411 1120 plantent
1427 1078 1552 1110 vineas
1577 1077 1641 1109 sed
1665 1086 1739 1108 non

417 1126 541 1157 bibant
556 1125 680 1157 vinnm
698 1134 820 1156 earum
832 1123 849 1135 ”
866 1124 902 1164 (i.
922 1123 974 1164 13)
988 1134 994 1156 :

243 1229 322 1269 per
345 1218 489 1269 “opes
501 1214 520 1230 ”
541 1227 656 1269 quae
682 1219 811 1254 erunt
838 1213 880 1253 in
909 1212 1120 1266 praedam
1147 1210 1456 1266 significantur
1477 1224 1587 1264 opes
1612 1209 1739 1264 spiri-

243 1277 403 1327 tuales,
436 1280 549 1332 quae
580 1282 685 1317 sunt
716 1276 999 1330 cognitiones
1031 1275 1136 1316 boni
1167 1281 1214 1316 et
1244 1275 1363 1325 veri;
1400 1287 1479 1328 per
1512 1271 1741 1314 “domos'’

243 1355 357 1395 quae
378 1342 422 1382 in
445 1341 809 1382 devastationem
832 1338 1141 1392 significantur
1161 1338 1238 1379 illa
1259 1351 1372 1392 quae
1395 1336 1612 1378 ecclesiae
1635 1341 1740 1376 sunt

243 1406 286 1445 in
305 1405 487 1446 homine
505 1418 514 1455 ;
540 1417 655 1458 quae
673 1417 775 1445 cum
792 1409 972 1443 vastata
990 1408 1093 1443 sunt
1112 1401 1231 1456 quod
1250 1408 1355 1442 tunc
1377 1400 1484 1441 nihil
1503 1398 1740 1454 proficiant

243 1481 294 1510 ac
327 1468 545 1522 recipiant
577 1467 760 1508 tametsi
792 1466 978 1507 audiunt
1015 1465 1091 1506 illa
1122 1471 1167 1506 et
1199 1465 1243 1505 in
1274 1464 1430 1505 Verbo
1461 1463 1617 1504 vident
1649 1462 1738 1510 illa,

244 1530 520 1584 significatur
551 1544 629 1584 per
657 1529 929 1570 “aedificare
961 1535 1006 1570 et
1039 1542 1129 1569 non
1161 1528 1424 1575 inhabitare,
1454 1533 1500 1568 et
1533 1526 1740 1580 plantare

244 1595 396 1636 vineas
428 1600 474 1636 et
507 1607 598 1635 non
630 1593 781 1634 bibere
812 1593 963 1633 vinum
996 1591 1176 1632 earum”
1205 1590 1455 1646 (“domus’'
1484 1596 1589 1630 sunt
1620 1589 1742 1630 bona

199 1683 206 1684 ff
244 1657 475 1705 ecclesiae,
503 1670 555 1698 ac
584 1657 778 1696 “vineae
790 1655 809 1670 '’
836 1668 935 1696 cum
965 1653 1137 1695 “vino'’
1162 1660 1265 1694 sunt
1290 1667 1397 1696 vera
1421 1651 1550 1707 ejus).

327 1722 418 1778 [d.]
461 1721 635 1764 Similia
660 1721 982 1774 intelliguntur
1007 1720 1128 1774 apud
1151 1719 1366 1769 Miclzam,

312 1813 335 1827 ⁴⁴
347 1811 402 1844 Tu
418 1821 516 1844 seres
532 1811 595 1843 sed
619 1820 693 1842 non
718 1815 842 1847 metes,
862 1815 900 1841 tu
916 1809 1066 1841 calcabis
1083 1809 1214 1840 olivam
1234 1808 1297 1841 sed
1320 1817 1394 1840 non
1410 1817 1525 1849 unges
1541 1813 1576 1839 te
1593 1807 1685 1846 oleo,
1704 1812 1741 1839 et

418 1861 575 1887 mustum
592 1854 655 1886 sed
672 1864 746 1885 non
763 1854 863 1885 bibes
880 1854 1003 1885 vinum
1015 1852 1032 1864 ”
1050 1852 1108 1892 (vi.
1128 1852 1200 1893 15):

245 1932 363 1986 apud
387 1931 543 1980 Amos,

314 2007 480 2039 “Vineas
496 2007 663 2039 desiderii
680 2007 898 2048 plantabitis,
918 2006 981 2037 sed
998 2015 1071 2037 non
1089 2005 1217 2037 bibetis
1234 2005 1357 2037 vinum
1374 2014 1496 2037 earum
1507 2003 1526 2017 ”
1542 2004 1589 2045 (v.
1607 2003 1662 2045 11)
1671 2014 1683 2042 :¹

247 2097 292 2145 et
319 2090 437 2144 apud
462 2089 723 2139 Hosckeam,

316 2167 338 2181 ‘¹
349 2166 445 2198 Area
464 2171 499 2198 et
522 2166 677 2198 torcular
694 2175 767 2197 non
792 2170 912 2205 pascet
928 2174 1002 2202 eos,
1023 2169 1058 2195 et
1075 2163 1230 2195 mustum
1248 2163 1440 2196 mentietur
1457 2160 1561 2194 millis
1566 2187 1658 2200 .....
1667 2172 1740 2194 non

420 2210 581 2241 libabunt
596 2209 757 2252 Jehovae
774 2209 908 2246 vinum,
928 2214 964 2240 et
980 2218 1052 2239 non
1065 2213 1169 2248 grata
1183 2213 1287 2240 erunt
1304 2207 1406 2248 Ipsi'’
1423 2207 1482 2247 (ix.
1500 2215 1531 2245 2,
1546 2207 1601 2247 4):

247 2314 325 2354 per
343 2304 531 2341 “aream
554 2306 600 2341 et
622 2299 850 2341 torcular”
869 2298 1028 2339 similia
1054 2296 1361 2351 significantur
1383 2312 1496 2352 quae
1518 2312 1596 2351 per
1616 2297 1741 2338 “fru-

247 2370 450 2405 mentum
487 2369 532 2404 et
569 2362 761 2412 vinum‚”
792 2363 893 2416 quia
932 2359 1141 2402 colleEtio
1174 2374 1326 2402 eorum
1363 2362 1450 2412 ibi;
1492 2361 1612 2415 quod
1650 2374 1740 2402 non

247 2426 481 2480 proficient
503 2440 562 2467 ex
584 2426 670 2467 illis
693 2426 856 2467 auditis
874 2423 1149 2477 significatur
1165 2438 1244 2478 per
1260 2425 1380 2478 quod
1401 2428 1528 2465 “non
1552 2431 1740 2478 pascent

246 2489 387 2538 i110s‚”
417 2495 463 2530 et
495 2489 614 2543 quod
648 2492 886 2530 “mustum
918 2487 1160 2528 mentietur
1191 2485 1311 2527 millis
1331 2487 1365 2538 ;”
1406 2493 1453 2529 et
1484 2487 1604 2541 quod
1636 2487 1740 2527 inde

247 2552 393 2594 cultus
419 2565 573 2594 eorum
600 2565 690 2593 non
717 2557 932 2604 acceptus
958 2550 1029 2598 sit,
1057 2548 1334 2603 significatur
1359 2565 1438 2604 per
1463 2550 1583 2604 quod
1611 2554 1740 2590 “non

247 2615 450 2656 libabunt
473 2615 673 2668 Jehovae
698 2615 865 2662 vinum,
889 2619 936 2654 et
962 2626 1052 2653 non
1077 2619 1210 2666 grata
1231 2619 1362 2655 erunt
1374 2613 1393 2628 ''
1418 2612 1601 2667 (nempe
1628 2613 1740 2653 liba-

247 2677 387 2733 mina)
418 2677 582 2732 “Ipsi.’'
641 2676 779 2731 Apud
804 2675 987 2724 Joelem,

200 2754 202 2757 .
315 2768 338 2782 “
349 2766 646 2808 Expergiscimini
663 2766 750 2797 ebrii
766 2771 802 2796 et
818 2764 909 2803 flete,
926 2770 961 2796 et
977 2764 1107 2805 ejulate
1120 2774 1247 2797 omnes
1264 2771 1430 2806 potantes
1443 2766 1579 2802 vinum,
1595 2771 1741 2805 propter

420 2817 576 2842 mustum
593 2810 688 2851 quod
711 2809 868 2840 excisum
893 2814 947 2839 est
971 2818 1014 2839 ex
1038 2818 1099 2840 ore
1115 2815 1236 2840 vestro
1250 2820 1274 2842 :.
1288 2834 1295 2841 .
1311 2834 1318 2841 .
1332 2809 1554 2841 ‚devastatus
1571 2815 1625 2840 est
1641 2818 1739 2848 ager,

421 2854 510 2885 luxit
520 2860 624 2890 terra,
638 2853 718 2894 quia
727 2853 950 2884 devastatum
961 2858 1015 2883 est
1025 2852 1254 2890 frumentum,
1266 2853 1404 2884 exaruit
1413 2858 1581 2889 mustum,
1594 2852 1740 2892 languet

423 2898 553 2936 oleum,
568 2894 746 2938 pudefacti
764 2901 847 2927 sunt
863 2895 1052 2936 agricolae,
1066 2895 1245 2937 ejularunt
1260 2897 1434 2928 vinitores
1445 2896 1463 2908 ’'
1480 2896 1515 2935 (i.
1532 2904 1620 2935 5‚10,
1637 2895 1709 2935 11):
