2008 3360
237 327 322 379 976
650 335 982 368 APOCALvPffls
1014 336 1313 369 EXPLICATA.

240 462 334 497 neS,
368 449 438 490 hic
471 450 756 502 cognitiones
788 455 835 490 et
867 450 1182 503 perceptiones
1211 450 1336 491 falsi:
1375 456 1422 492 et
1453 464 1532 504 per
1561 452 1723 491 “mac-
1789 482 1791 485 >

239 517 335 552 tare
372 518 506 552 natos
542 513 586 552 in
627 512 768 552 fluviis
805 512 887 552 sub
925 511 1120 565 scopulis
1161 512 1412 566 petrarum’'
1448 512 1725 566 significatur

238 574 533 627 exstinguere
554 588 660 614 vera
682 588 760 627 per
777 573 888 614 falsa
911 588 971 615 ex
994 575 1173 628 propria
1195 574 1528 628 intelligentia;
1559 575 1693 616 “nati
1705 574 1724 590 '’

238 643 342 677 sunt
386 650 506 682 vera,
551 636 705 677 “fluvii
718 635 738 651 ”
775 642 879 677 sunt
926 637 1104 690 propria
1147 637 1467 690 intelligentia,
1513 637 1725 691 “scopuli

239 704 466 751 petrarum
479 698 498 714 ”
524 705 627 739 sunt
654 698 779 747 falsa,
810 698 932 739 “sub
957 699 1153 752 scopulis
1179 699 1354 740 illarum
1366 699 1386 715 '⁹
1411 700 1637 753 significat
1664 715 1724 741 ex

239 761 433 801 sensuali
459 761 502 801 in
534 774 622 814 quo
649 760 799 801 lumen
827 760 1034 802 ultimum
1067 762 1271 803 naturale
1297 769 1393 813 est;
1426 763 1499 816 qui
1530 763 1649 804 enim
1680 764 1725 803 in

239 821 326 863 hoc
359 823 457 863 solo
487 822 654 863 lumine
691 829 809 871 sunt,
845 829 970 864 stant
1008 824 1089 864 sub
1125 824 1329 878 abruptis
1366 826 1518 878 petris,
1551 832 1597 867 et
1634 839 1725 866 non

240 885 420 939 aliquod
447 899 599 926 verum
626 885 797 934 vident,
822 898 873 926 ac
898 886 934 926 si
958 886 1122 929 >dicitur
1144 900 1234 927 non
1261 888 1539 940 percipiunt:
1574 889 1617 928 in
1645 889 1726 929 tali

240 949 437 989 statione
463 948 524 988 illi
551 949 688 989 etiam
715 948 823 988 mihi
845 949 926 988 visi
949 955 1053 989 sunt
1080 949 1123 989 in
1151 950 1321 990 mundo
1342 950 1585 1003 spirituali:
1619 951 1724 992 inde

242 1017 370 1064 patet
416 1010 534 1064 quod
575 1024 653 1064 per
695 1008 932 1051 “ma&are
973 1017 1107 1052 natos
1119 1011 1138 1027 ”
1175 1025 1265 1052 non
1303 1012 1586 1065 intelligatur
1625 1013 1726 1053 illos

241 1071 451 1121 mactare,
476 1073 555 1114 sed
582 1087 687 1114 vera
712 1073 1019 1126 exstinguere.
1082 1072 1298 1115 Similiter
1323 1075 1442 1128 apud
1466 1075 1701 1124 Davidem,

311 1163 476 1196 “Beatus
500 1164 558 1204 qui
583 1163 826 1204 apprehendet
849 1169 885 1195 et
908 1162 1090 1204 disperget
1113 1162 1269 1195 infantes
1293 1169 1374 1195 tuos
1397 1164 1443 1195 ad
1466 1169 1602 1204 petram
1615 1163 1633 1176 ”
1650 1163 1724 1203 (Ps.

418 1207 570 1239 cxxxvii.
590 1207 643 1247 9):

243 1298 322 1338 per
359 1283 624 1324 “infantes'’
660 1283 731 1324 hic
770 1296 852 1324 nec
890 1282 1208 1335 intelliguntur
1243 1282 1453 1330 infantes,
1493 1282 1573 1323 sed
1613 1282 1726 1323 falsa

242 1348 503 1397 nascentia;
537 1347 684 1399 agitur
709 1346 827 1386 enim
854 1345 910 1386 de
944 1344 1125 1394 Babele,
1154 1358 1232 1398 per
1257 1358 1390 1399 quam
1419 1344 1728 1398 significantur

242 1409 352 1450 falsa
379 1409 484 1449 mali
510 1409 789 1449 destruentia
813 1422 919 1448 vera
942 1407 1047 1448 boni
1070 1407 1315 1448 ecclesiae:
1350 1405 1597 1448 destruetio
1623 1407 1724 1447 illo-

242 1485 339 1513 rum
362 1471 637 1525 significatur
655 1485 732 1525 per
751 1471 1048 1524 “dispergere
1071 1469 1172 1511 illos
1194 1470 1250 1511 ad
1275 1477 1450 1524 petram
1469 1470 1502 1521 ;”
1531 1470 1729 1523 “petra''

244 1541 313 1575 est
345 1534 505 1575 falsum
543 1534 647 1574 mali
684 1547 894 1587 regnans,
929 1539 975 1574 et
1010 1533 1307 1586 “dispergere
1322 1532 1342 1548 '’
1373 1539 1443 1573 est
1482 1532 1727 1573 destruere.

246 1596 334 1650 Qui
360 1597 505 1637 solum
537 1597 579 1637 in
607 1610 740 1637 sensu
773 1595 952 1636 litterae
979 1595 1120 1636 Verbi
1147 1602 1314 1642 manet,
1343 1601 1389 1636 et
1421 1608 1511 1635 non
1543 1594 1728 1636 ulterius

245 1660 435 1712 cogitat,
473 1659 602 1700 facile
644 1664 796 1712 potest
833 1658 981 1699 induci
1013 1657 1070 1698 ad
1107 1658 1380 1698 credendum
1414 1657 1532 1711 quod
1569 1657 1729 1698 beatus

247 1722 421 1763 dicatur
443 1723 515 1775 qui
538 1721 630 1762 tale
653 1734 754 1762 cum
778 1720 1020 1761 infantibus
1043 1720 1240 1761 hostium
1264 1733 1442 1760 suorum
1465 1720 1570 1760 facit
1589 1733 1597 1770 ;
1625 1733 1727 1760 cum

246 1791 399 1826 tamen
425 1785 468 1825 id
491 1798 675 1825 enorme
701 1783 869 1824 facinus
895 1789 991 1824 est:
1025 1789 1072 1824 at
1101 1783 1330 1824 “beatus''
1355 1783 1516 1823 dicitur
1538 1783 1610 1836 qui
1636 1783 1727 1822 dis-

246 1847 395 1900 pergit
437 1846 548 1887 salsa
589 1846 694 1886 mali
735 1846 971 1886 nascentia
1011 1846 1055 1886 in
1095 1845 1301 1894 ecclesia,
1343 1859 1457 1899 quae
1497 1845 1607 1885 falsa
1651 1858 1730 1898 per

249 1909 480 1950 “infantes
507 1908 716 1949 Babelis’'
742 1908 812 1949 hic
841 1907 1161 1961 significantur.
1223 1907 1360 1961 Apud
1387 1907 1649 1956 Jeremz'am,

313 1999 336 2012 ‘⁴
348 1997 435 2039 Quis
452 1997 586 2029 audivit
603 1997 653 2028 sic
672 1997 762 2029 hoc?
793 2006 867 2028 rem
885 1996 1026 2028 foedam
1044 1995 1126 2028 fecit
1151 1996 1253 2036 virgo
1272 1995 1426 2028 Israelis.
1477 1995 1570 2027 Num
1588 1996 1729 2028 deseret

419 2051 438 2071 e
463 2047 562 2081 petra
585 2050 690 2081 agros
716 2050 815 2071 meos
840 2040 902 2071 nix
927 2040 1074 2072 Libani?
1103 2049 1188 2070 num
1212 2040 1431 2079 abripientur
1454 2049 1566 2079 aquae
1590 2040 1731 2070 alienae

418 2084 566 2123 frigidae
583 2084 801 2116 defluentes?
845 2083 956 2115 Obliti
973 2089 1056 2115 sunt
1074 2082 1147 2114 Mei
1164 2083 1316 2123 populus
1333 2092 1444 2121 meus,
1464 2083 1615 2114 vanitati
1634 2083 1730 2114 suffi-

418 2134 546 2159 verunt
557 2126 576 2139 ”
592 2127 703 2167 (xviii.
722 2126 859 2166 13-15):

246 2223 325 2263 per
359 2209 619 2261 “virginem
657 2208 868 2249 Israelis”
898 2207 1170 2261 intelligitur
1200 2207 1271 2248 hic
1309 2214 1355 2248 et
1397 2208 1502 2248 alibi
1537 2207 1731 2249 ecclesia

247 2271 500 2325 spiritualiS,
534 2271 650 2312 hanc
683 2272 802 2312 enim
833 2277 1287 2324 repraesentaverunt
1322 2270 1582 2321 Israelitae;
1623 2274 1730 2311 “res

248 2333 409 2375 foeda”
431 2347 564 2387 quam
586 2333 802 2382 fecerunt,
828 2340 897 2374 est
920 2333 1039 2387 quod
1065 2333 1183 2373 bona
1205 2332 1424 2373 ecclesiae
1447 2333 1664 2373 verterint
1687 2333 1731 2373 in

247 2396 378 2444 mala,
407 2402 453 2436 et
476 2410 580 2436 vera
606 2396 826 2436 ecclesiae
852 2397 895 2436 in
921 2395 1045 2443 falsa,
1073 2402 1119 2436 et
1146 2409 1204 2435 ex
1232 2395 1300 2435 his
1326 2402 1372 2435 et
1398 2394 1485 2435 illis
1508 2395 1729 2436 coluerint

244 2459 491 2512 Jehovam:
527 2458 645 2498 mala
670 2473 729 2499 ex
751 2459 908 2512 quibus
932 2458 1093 2506 cultus,
1118 2457 1426 2510 significantur
1448 2472 1526 2511 per
1550 2457 1730 2499 “Obliti

247 2528 350 2562 sunt
370 2521 459 2561 Mei
477 2520 666 2573 populus
690 2534 815 2561 meus
831 2521 865 2572 ;''
891 2534 996 2561 nam
1018 2521 1091 2574 qui
1114 2520 1392 2561 obliviscitur
1414 2520 1512 2568 Dei,
1532 2521 1576 2560 in
1600 2521 1729 2561 malis

249 2591 344 2625 est:
378 2590 425 2625 et
451 2583 562 2624 falsa
587 2597 645 2623 ex
672 2584 829 2637 quibus
855 2584 1017 2632 cultus,
1045 2582 1353 2636 significantur
1378 2596 1456 2636 per
1484 2583 1730 2624 “Vanitati

251 2643 514 2686 suffiverunt
533 2643 566 2693 ;”
591 2644 838 2684 “vanitas'’
856 2650 926 2685 est
948 2643 1123 2692 salsum,
1144 2649 1190 2684 et
1214 2644 1398 2685 “suffire
1411 2644 1430 2659 ’'
1456 2651 1526 2686 est
1553 2645 1725 2686 cultus:

250 2707 409 2762 “Nu-m
431 2707 609 2746 deseret
635 2719 659 2746 e
686 2712 815 2759 petra
840 2719 975 2759 agros
1001 2720 1126 2748 meos
1153 2707 1231 2746 nix
1258 2705 1418 2747 Libani
1432 2706 1471 2747 ?‘'
1502 2707 1726 2760 significat

247 2783 399 2811 annon
432 2782 538 2809 vera
574 2767 793 2809 ecclesiae
830 2769 916 2809 illis
954 2775 1057 2809 sunt
1098 2782 1156 2809 ex
1194 2768 1374 2818 Verbo;
1421 2769 1618 2822 “petra”
1654 2769 1724 2811 hic

246 2830 470 2884 significat
505 2829 709 2870 Verbum
745 2830 849 2883 quia
888 2830 1102 2870 Divinum
1142 2828 1314 2869 Verum
1353 2840 1560 2880 (utsupra);
1605 2831 1725 2871 “nix

246 2891 435 2932 Libani'’
466 2891 690 2943 significat
726 2905 832 2931 vera
869 2891 1088 2931 ecclesiae
1125 2890 1253 2939 inde;
1299 2890 1445 2930 “nix''
1477 2890 1547 2931 hic
1581 2891 1725 2931 simile

247 2954 469 3008 significat
492 2967 593 2994 cum
615 2967 744 3007 aqua,
770 2966 932 3006 nempe
954 2967 1073 3002 vera,
1098 2953 1178 2993 sed
1204 2953 1319 2992 “nix
1333 2952 1351 2967 ''
1374 2952 1597 3006 significat
1623 2967 1730 2994 vera
