2008 3360
663 307 769 339 CAP.
792 308 871 349 vr,
896 309 1044 353 VERS„
1055 299 1204 342 6.-Ν,
1229 299 1387 355 374[c].
1547 266 1550 269 Δ
1685 311 1767 356 743

276 419 496 473 spirituali
529 420 797 461 describitur
828 421 1020 462 ecclesia
1057 421 1254 469 Domini,
1292 421 1504 475 quoniam
1540 420 1652 462 haec
1690 435 1768 475 per

279 485 484 523 “terram
509 481 725 523 Canaan’'
742 484 786 523 in
809 483 895 524 hoc
930 497 1064 525 sensu
1089 483 1380 537 significatur,
1405 490 1451 524 et
1476 491 1770 525 recensentur

275 546 426 586 omnia
442 559 611 598 genera
628 545 734 586 boni
752 552 798 587 et
817 546 909 587 veri
926 560 1040 600 quae
1057 545 1276 587 ecclesiae
1293 552 1398 587 sunt
1418 561 1427 597 ;
1455 546 1575 600 quod
1593 547 1768 587 dicatur

278 612 303 628 ‘⁴
317 615 437 649 terra
458 608 691 648 fluviorum
714 606 896 662 aquae,'’
915 615 985 650 est
1008 610 1111 663 quia
1135 613 1160 629 “
1175 609 1293 650 fluvii
1315 623 1457 663 aquae
1469 609 1488 624 ’'
1510 609 1766 662 significant

275 669 541 712 doctrinalia
566 672 685 721 veri;
719 685 797 724 per
825 672 1010 713 “sontes
1042 678 1088 713 et
1120 672 1309 725 abyssos
1340 678 1564 713 exeuntes
1595 686 1619 713 e
1647 672 1767 713 valle

274 740 320 775 et
352 748 375 775 e
409 740 566 775 monte
581 733 601 749 '’
632 734 944 787 significantur
974 735 1188 776 interiora
1223 741 1270 776 et
1307 736 1536 776 exteriora
1565 748 1671 776 vera
1706 749 1766 775 ex

274 796 444 846 Verbo,
472 811 551 850 per
575 797 795 838 “sontes’'
820 799 1035 839 interiora
1059 812 1166 839 vera
1182 798 1308 851 inde,
1332 804 1378 839 et
1405 812 1484 851 per
1508 798 1735 851 “abyssos
1746 798 1766 813 ”

273 861 502 902 exteriora
523 874 656 911 vera;
690 860 801 901 haec
830 861 1041 902 dicuntur
1062 865 1159 902 “ex
1181 860 1300 902 valle
1326 862 1451 902 exire
1462 861 1482 876 ''
1504 862 1606 915 quia
1631 860 1765 901 “val-

273 924 325 964 lis
337 923 357 939 ’³
375 923 599 977 significat
623 923 828 964 inferiora
846 930 891 965 et
910 920 1139 965 exteriora
1155 924 1230 965 ubi
1251 924 1374 973 talia,
1394 930 1440 965 et
1462 923 1540 965 illa
1557 923 1766 965 dicuntur

275 991 371 1028 “ex
395 993 552 1027 monte
570 987 694 1027 exire
707 986 725 1001 ’‘
743 988 846 1040 quia
866 986 1064 1027 “mons’'
1082 986 1305 1040 significat
1328 988 1556 1041 superiora
1577 993 1624 1028 et
1647 987 1764 1028 inte-

271 1051 387 1091 riora
418 1049 492 1090 ubi
523 1049 660 1094 talia:
706 1064 784 1103 per
813 1054 1018 1091 “terram
1050 1051 1189 1091 tritici
1221 1057 1267 1092 et
1299 1050 1470 1099 hordei,
1503 1057 1550 1092 et
1581 1051 1686 1091 vitis
1717 1058 1764 1092 et

273 1111 393 1161 ficus,
413 1118 459 1153 et
482 1111 826 1165 malogranati,’‘
844 1112 1122 1165 significatur
1143 1112 1334 1154 ecclesia
1355 1113 1504 1166 quoad
1526 1113 1695 1154 bonum
1716 1120 1763 1155 et

272 1188 424 1216 verum
441 1175 604 1216 <omnis
641 1176 833 1228 generis,
870 1176 1108 1216 “triticum
1140 1182 1187 1217 et
1223 1175 1442 1217 hordeum
1454 1175 1474 1191 ''
1505 1176 1763 1229 significant

271 1237 438 1279 bonum
461 1245 507 1279 et
525 1251 680 1279 verum
703 1252 762 1279 ex
785 1238 972 1279 caelesti
991 1239 1177 1291 origine,
1199 1239 1341 1279 “vitis
1363 1245 1409 1280 et
1431 1238 1572 1280 ficus”
1594 1240 1763 1281 bonum

269 1307 316 1342 et
341 1305 497 1342 verum
523 1315 582 1342 ex
608 1301 829 1355 spirituali
855 1302 1041 1354 origine,
1070 1307 1116 1342 et
1146 1301 1581 1355 “malogranatum”
1603 1304 1761 1356 cogni-

270 1365 417 1406 tiones
447 1365 554 1406 boni
583 1372 629 1407 et
656 1366 775 1416 veri;
809 1371 854 1405 et
882 1379 960 1418 per
989 1368 1194 1406 “terram
1220 1364 1366 1406 olivae
1391 1365 1479 1406 olei
1510 1372 1557 1407 et
1583 1366 1731 1408 mellis
1742 1367 1762 1382 '’

268 1427 547 1481 significatur
563 1428 756 1469 ecclesia
773 1428 922 1482 quoad
945 1428 1113 1468 bonum
1136 1429 1300 1469 amoris
1321 1434 1368 1469 et
1390 1428 1483 1481 ejus
1500 1428 1759 1482 jucundum.

269 1489 357 1544 Qui
383 1505 474 1532 non
497 1492 581 1533 scit
605 1505 786 1532 sensum
809 1491 1088 1545 spiritualem
1108 1484 1261 1540 Verbi,
1285 1492 1321 1532 is
1347 1505 1438 1533 non
1463 1492 1596 1534 aliter
1617 1494 1760 1535 credit

268 1567 402 1608 quam
428 1555 548 1609 quod
576 1555 722 1596 solum
745 1561 864 1596 terra
888 1554 1072 1595 Canaan
1095 1568 1174 1608 per
1194 1554 1272 1595 illa
1293 1555 1431 1596 verba
1452 1555 1759 1607 describatur;

270 1617 385 1657 unde
421 1617 536 1658 foret
568 1617 772 1658 Verbum
804 1617 941 1657 modo
973 1617 1178 1658 naturale
1209 1623 1255 1658 et
1287 1631 1378 1658 non
1409 1618 1670 1672 spirituale;
1713 1625 1759 1660 et

211 1710 220 1712 ψ
268 1685 422 1721 tamen
442 1680 643 1721 Verbum
661 1681 804 1727 ubivis
826 1681 870 1720 in
893 1681 990 1720 sinu
1013 1694 1094 1736 suo
1111 1686 1180 1721 est
1199 1680 1443 1734 spirituale,
1463 1688 1510 1722 et
1527 1682 1760 1735 spirituale

266 1749 336 1783 est
358 1756 494 1796 quum
517 1757 596 1797 per
616 1743 754 1784 verba
776 1743 852 1783 illa
874 1743 1191 1796 intelliguntur
1213 1743 1461 1797 spiritualia
1482 1759 1597 1798 quae
1619 1746 1758 1798 signi-

266 1802 471 1853 ficantur,
498 1817 663 1858 nempe
693 1805 815 1845 bona
845 1810 891 1844 et
922 1818 1030 1844 vera
1060 1804 1207 1844 omnis
1236 1806 1430 1857 generis.
1489 1816 1591 1855 (Quid
1605 1821 1712 1846 autem
1727 1817 1760 1846 in

264 1863 368 1900 specie
381 1863 622 1901 per¹‘fluvios‚''
640 1863 800 1897 ‘'sontes,''
818 1863 1006 1901 “abyssos,''
1024 1863 1196 1897 “vallem‚''
1213 1864 1414 1899 “montem,''
1428 1865 1584 1899 “vitem,''
1602 1865 1758 1900 '‘fieum,''

265 1910 282 1921 ¹·
292 1908 577 1945 malogranatum,''
591 1911 608 1922 ¹·
619 1908 766 1942 olivam,''
781 1909 914 1937 “oleum
926 1908 941 1916 ''
956 1913 986 1936 et
997 1911 1014 1921 ¹⁴
1027 1908 1090 1936 mel
1101 1907 1117 1916 '¹
1129 1908 1330 1945 significatur,
1343 1914 1505 1938 ostensum
1517 1915 1563 1939 est
1577 1910 1608 1939 in
1620 1911 1760 1940 Arcanis

226 1966 229 1967 ⁷
267 1953 462 1987 Caelestibus,
473 1962 555 1990 quae
567 1953 675 1982 omnia
684 1954 843 1982 adducere
852 1953 1010 1990 prolixum
1021 1952 1113 1981 nimis
1124 1953 1220 1988 soret;
1236 1954 1387 1991 pleraque
1396 1958 1502 1983 tamen
1514 1964 1554 1983 ex
1565 1955 1624 1984 illis
1633 1960 1760 1984 ostensa

263 2001 336 2026 sunt
357 2002 388 2026 et
402 1998 609 2027 ostendentur
622 1998 655 2026 in
675 1999 736 2027 hac
751 2007 846 2036 super
859 1998 1070 2036 Apocalypsin
1086 1998 1304 2035 explioetione,
1319 2007 1402 2036 quae
1417 2000 1622 2029 consulantur
1641 2001 1674 2029 in
1695 2001 1759 2031 suis

263 2047 365 2086 locis.)
422 2037 563 2090 Apud
586 2037 797 2086 Hiobum,

331 2130 402 2162 “Si
421 2130 495 2162 vim
506 2129 524 2142 '’
541 2137 658 2162 terrae
680 2131 853 2163 “comedi
873 2130 952 2162 sine
973 2137 1136 2171 argento,
1156 2136 1192 2164 et
1210 2131 1370 2164 animam
1392 2130 1655 2175 [dominorum]
1677 2134 1756 2175 ejus

436 2174 604 2206 exhalare
615 2174 695 2213 feci,
710 2184 775 2216 pro
787 2175 905 2206 tritico
917 2180 1020 2206 exeat
1033 2174 1150 2215 spina,
1164 2180 1200 2207 et
1212 2179 1278 2216 p'ro
1288 2175 1425 2208 hordeo
1436 2176 1606 2209 labrusca
1615 2177 1634 2189 ’'
1644 2178 1753 2217 (xxxi.

436 2226 488 2258 39,
505 2217 580 2259 40)2

256 2316 392 2357 “vim
418 2323 565 2357 terrae
587 2316 826 2358 comedere
849 2317 943 2357 sine
969 2322 1163 2369 argento
1175 2316 1195 2332 ’⁹
1217 2316 1442 2371 significat
1464 2320 1754 2373 appropriare

260 2379 342 2420 sibi
367 2379 536 2420 bonum
562 2379 782 2421 ecclesiae
808 2379 978 2433 absque
1004 2393 1111 2420 vero
1139 2378 1353 2433 (“terra’'
1378 2387 1448 2422 est
1475 2382 1681 2431 ecclesia,
1705 2390 1752 2424 et

262 2445 288 2461 “
303 2448 545 2495 argentum
560 2441 580 2457 ’²
617 2449 687 2483 est
728 2441 903 2495 verum)
926 2456 936 2492 ;
982 2448 1029 2483 et
1071 2445 1097 2462 ‘¹
1112 2442 1330 2484 exhalare
1369 2443 1516 2485 facere
1555 2445 1753 2486 animam

262 2503 584 2559 [dominorum]
602 2505 694 2558 ejus
707 2505 726 2520 ''
740 2504 964 2558 significat
979 2506 1041 2546 sic
1056 2506 1198 2546 vitam
1213 2507 1492 2560 spiritualem
1507 2521 1724 2548 evacuare
1741 2522 1751 2559 ;

261 2570 379 2620 “pro
401 2569 554 2609 tritico
576 2575 714 2609 exeat
733 2569 875 2622 spina,
895 2574 941 2608 et
967 2582 1048 2621 pro
1069 2568 1242 2610 hordeo
1264 2569 1510 2618 labrusca,''
1527 2569 1751 2623 significat

257 2631 377 2684 quod
404 2645 485 2684 pro
510 2631 632 2672 bono
658 2631 879 2672 habeatur
905 2630 1087 2680 malum,
1112 2638 1158 2673 et
1185 2646 1266 2686 pro
1287 2646 1394 2673 vero
1419 2633 1579 2673 falsum
1610 2631 1749 2687 (“tri-

258 2694 397 2734 ticum
409 2693 427 2708 ''
454 2700 524 2735 est
551 2694 734 2743 bonum,
761 2694 926 2747 “spina
938 2693 958 2708 '’
984 2694 1166 2744 malum,
1194 2695 1452 2736 “hordeum
1465 2695 1485 2710 ’'
1510 2708 1678 2744 verum,
1702 2702 1749 2736 et

260 2760 285 2776 “
299 2756 537 2798 labrusca'’
555 2757 756 2811 falsum);
787 2757 955 2798 bonum
975 2758 1092 2798 enim
1116 2771 1206 2799 non
1224 2760 1474 2813 comparari
1491 2765 1645 2813 potest
1665 2759 1749 2799 nisi

257 2833 335 2873 per
360 2834 479 2861 vera.
542 2820 680 2874 Apud
706 2820 910 2869 Esaiam,

324 2915 346 2929 ‘¹
359 2914 719 2947 Consummationem
737 2922 772 2947 et
788 2915 1008 2947 decisionem
1022 2916 1142 2948 audivi
1160 2927 1181 2948 a
1197 2927 1277 2949 cum
1297 2917 1455 2949 Domino
1468 2917 1622 2959 Jehovih
1635 2917 1747 2949 Zeba·

428 2959 502 2997 oth,
522 2969 629 3000 super
653 2959 858 2991 universam
884 2965 1052 2999 terram;.
1067 2970 1212 2992 ...num
1237 2968 1313 2993 toto
1337 2962 1394 2993 die
1419 2961 1534 2993 arabit
1558 2967 1680 2992 arator
1698 2961 1744 2994 ad
