2008 3360
602 239 708 279 cAP.
732 241 812 281 vr,
837 218 982 282 VERSf
996 231 1156 288 6·-N·.
1171 230 1339 287 376[a].
1638 234 1722 289 767

226 351 376 407 quoad
400 352 568 394 bonum
591 366 672 394 nec
697 354 845 407 quoad
867 367 1034 405 verum,
1058 360 1389 408 consequenter
1411 369 1493 397 nec
1516 357 1720 409 genuinis

222 416 352 457 bonis
368 422 415 458 et
429 417 570 458 veris:
598 417 802 458 similiter
819 418 1027 460 Ecclesia
1044 417 1299 467 Christiana
1318 418 1452 460 hodie
1470 433 1552 460 nec
1572 422 1718 473 potuit

222 478 435 519 damnum
461 479 621 520 inferre
647 480 776 521 bonis
803 487 848 521 et
874 482 990 522 veris
1015 482 1220 534 genuinis
1245 495 1359 535 quae
1385 488 1489 523 sunt
1516 483 1559 522 in
1586 497 1719 523 sensu

221 541 438 595 spirituali
452 542 606 591 Verbi,
623 556 726 583 narn
741 545 966 597 ignoravit
979 558 1079 585 eum
1095 558 1289 591 sensum,
1306 551 1351 586 et
1370 558 1470 586 cum
1489 545 1567 586 illo
1581 547 1717 587 etiam

220 605 446 657 ignoravit
483 606 681 658 genuina
720 607 839 648 bona
876 614 922 649 et
957 622 1076 649 vera.
1151 606 1286 661 Quod
1323 607 1590 650 Christianis
1627 623 1718 651 non

221 666 429 709 detectus
449 668 579 710 suerit
597 683 755 710 sensus
774 670 1015 722 spiritualis
1033 670 1187 719 Verbi,
1206 677 1277 712 est
1299 685 1432 712 causa
1450 672 1553 725 quia
1574 685 1716 725 genu-

219 731 293 771 ina
325 731 444 772 bona
469 738 515 773 et
542 746 660 780 vera,
690 733 838 786 qualia
863 741 967 774 sunt
999 734 1042 774 in
1069 733 1205 775 caelis
1231 735 1542 787 superioribus,
1571 735 1717 777 latent

220 793 263 834 in
287 807 421 835 sensu
442 793 582 845 Verbi
604 796 847 848 spirituali;
881 803 926 837 et
949 797 1160 850 quamdiu
1186 796 1262 838 illa
1283 797 1403 838 bona
1428 804 1474 838 et
1497 811 1602 841 vera
1625 812 1715 839 non

220 864 436 910 percepta
461 865 507 899 et
534 865 644 899 nota
669 858 844 900 fuerunt
871 873 952 900 nec
980 860 1127 913 potuit
1152 859 1227 901 ille
1249 873 1405 901 sensus
1428 861 1601 914 aperiri,
1626 875 1716 902 non

219 921 337 960 enim
353 921 491 962 videri
506 928 750 975 potuerunt
768 936 776 962 :
805 923 924 976 quod
940 923 1136 975 genuina
1152 923 1272 964 bona
1285 930 1331 978 et
1347 937 1452 964 vera
1469 925 1511 964 in
1528 923 1714 965 Christi-

218 985 315 1025 anis
341 984 558 1026 Ecclesiis
585 998 675 1025 non
705 992 920 1039 percepta
945 993 991 1027 et
1019 992 1128 1027 nota
1153 986 1330 1035 fuerint,
1358 993 1428 1027 est
1455 1000 1589 1028 causa
1614 989 1717 1041 quia

220 1047 455 1088 Ecclesiae
481 1047 584 1089 illae
610 1048 779 1097 divisae
805 1049 995 1098 fuerunt,
1022 1050 1066 1089 in
1092 1063 1258 1103 genere
1289 1050 1333 1090 in
1366 1049 1645 1106 Pontificiam
1669 1058 1715 1093 et

218 1111 262 1151 in
289 1110 648 1164 Evangelicam3
683 1118 729 1152 et
756 1112 799 1152 in
834 1111 1066 1153 Pontificia
1097 1126 1275 1166 prorsus
1306 1113 1570 1166 ignorantur
1595 1108 1714 1162 vera}

219 1175 321 1228 quia
347 1174 409 1214 illi
435 1175 509 1228 qui
540 1175 584 1215 in
611 1174 687 1215 illa
712 1188 802 1215 non
830 1175 1031 1228 pendent
1057 1190 1116 1216 ex
1143 1175 1312 1224 Verbo,
1340 1177 1404 1217 ita
1430 1191 1489 1218 ex
1519 1177 1716 1218 Domino

218 1237 292 1290 qui
317 1243 386 1278 est
409 1236 626 1286 Verbum,
650 1237 735 1278 hoc
761 1245 830 1278 est
854 1238 1064 1279 Divinum
1087 1238 1271 1287 Verum,
1295 1239 1374 1280 sed
1401 1253 1460 1280 ex
1484 1240 1713 1289 Pontifice,

218 1314 277 1340 ex
309 1299 432 1352 cujus
463 1314 540 1341 ore
565 1301 641 1341 vix
674 1301 839 1354 aliquid
871 1302 1074 1354 procedit
1107 1303 1188 1342 nisi
1219 1303 1340 1356 quod
1371 1309 1440 1343 est
1472 1317 1531 1344 ex
1563 1317 1716 1346 amore

217 1363 479 1417 imperandi,
499 1370 545 1405 et
567 1365 602 1404 is
624 1378 750 1405 amor
768 1371 836 1405 est
859 1379 918 1405 ex
940 1365 1138 1416 infern03
1171 1380 1306 1419 quare
1323 1367 1459 1407 etiam
1478 1368 1555 1407 vix
1579 1381 1714 1409 unum

216 1439 385 1475 verum,
409 1427 528 1480 quod
555 1433 624 1468 est
647 1426 878 1476 ecclesiae,
903 1428 1020 1481 apud
1046 1428 1146 1479 illos
1169 1429 1325 1480 datur;
1358 1430 1400 1469 in
1424 1429 1714 1483 Evangelicis

217 1496 369 1533 autem
392 1489 607 1531 Ecclesiis
625 1497 695 1531 est
718 1490 814 1531 sola
835 1490 946 1531 fides
963 1498 1195 1545 assumpta
1216 1505 1297 1546 pro
1314 1493 1542 1533 essentiali
1565 1494 1714 1535 medio

217 1553 388 1602 salutis,
415 1559 462 1594 et
494 1567 573 1606 per
602 1553 646 1593 id
679 1559 747 1594 est
779 1554 947 1594 bonum
974 1555 1138 1595 amoris
1169 1561 1214 1595 et
1241 1555 1473 1596 charitatis
1499 1555 1712 1609 rejectum

188 1660 196 1661 ἶ
217 1617 331 1658 sicut
354 1630 444 1658 non
467 1617 722 1667 essentiale,
741 1623 787 1658 et
810 1618 882 1668 ubi
904 1618 1070 1658 bonum
1093 1625 1162 1659 est
1185 1617 1411 1671 rejectum,
1434 1620 1492 1659 ibi
1515 1633 1596 1660 nec
1620 1620 1713 1661 dari

216 1686 369 1733 potest
401 1679 582 1734 aliquod
613 1694 767 1721 verum
799 1681 918 1734 quod
950 1682 993 1721 in
1025 1695 1073 1722 se
1104 1687 1174 1722 est
1204 1695 1386 1732 verum;
1428 1696 1563 1723 omne
1594 1684 1712 1724 enirn

215 1757 369 1784 verum
392 1750 461 1784 est
483 1740 543 1796 ex
565 1744 700 1792 bono,
720 1757 823 1784 nam
842 1744 982 1785 influit
1006 1744 1224 1785 Dominus
1246 1745 1289 1785 in
1312 1745 1479 1786 bonum
1505 1746 1711 1795 hominis,

215 1812 262 1847 et
285 1820 362 1860 per
383 1799 551 1847 bonum
573 1806 768 1848 illustrat
791 1820 906 1855 eum,
930 1813 974 1848 et
998 1807 1076 1848 dat
1103 1806 1248 1848 lucem
1270 1814 1318 1848 ut
1341 1809 1558 1862 percipiat
1580 1823 1710 1860 vera;

215 1883 351 1923 quare
369 1870 537 1923 absque
558 1870 636 1911 illa
658 1870 771 1918 luce,
790 1884 903 1924 quae
925 1877 995 1911 est
1018 1871 1112 1924 ipsa
1129 1871 1223 1913 vita
1243 1871 1483 1925 spiritualis
1505 1872 1710 1919 hominis,

216 1946 306 1973 non
338 1939 408 1974 est
434 1946 602 1980 verum,
630 1940 855 1987 utcunque
887 1940 1020 1974 sonat
1052 1939 1100 1974 ut
1128 1947 1282 1974 verum
1309 1935 1410 1988 quia
1441 1949 1499 1976 ex
1528 1935 1710 1987 Verbo;

215 2002 284 2038 est
306 2009 460 2044 verum
482 1995 766 2045 falsificatum
793 2010 871 2050 per
892 1997 1014 2037 ideas
1036 2010 1144 2050 quas
1166 1997 1222 2038 de
1248 2011 1302 2038 eo
1327 1998 1465 2038 habet
1483 2012 1491 2048 ;
1524 2012 1628 2039 nam
1651 2014 1710 2041 ex

215 2058 302 2101 fide
333 2066 541 2112 separata
571 2073 598 2100 a
628 2059 864 2107 charitate,
898 2073 975 2100 seu
1012 2073 1071 2100 ex
1102 2060 1216 2101 veris
1247 2060 1414 2114 absque
1452 2061 1586 2109 bono,
1620 2076 1709 2103 non

214 2122 333 2168 aliud
370 2122 572 2164 resultat.
645 2123 757 2164 Inde
788 2136 904 2163 nunc
941 2129 1010 2163 est
1042 2123 1162 2176 quod
1197 2123 1414 2174 Ecclesiis
1446 2124 1710 2166 Christianis

215 2198 305 2227 non
327 2185 529 2239 patefieri
551 2187 748 2240 potuerit
768 2199 923 2227 sensus
941 2185 1179 2239 spiritualis
1197 2185 1336 2227 Verbi
1354 2201 1362 2238 ;
1396 2201 1500 2228 narn
1523 2188 1558 2228 si
1581 2195 1708 2241 pate-

214 2246 369 2297 fa&u5,
402 2248 761 2293 falsificavissent
794 2256 839 2290 et
877 2249 1198 2302 pervertissent
1229 2249 1353 2290 illum
1385 2264 1463 2303 per
1494 2251 1617 2292 ideas
1649 2266 1707 2292 ex

212 2310 411 2365 fallaciiS,
434 2318 480 2352 et
507 2313 568 2353 sic
595 2312 964 2365 profanavissent.
1026 2311 1137 2356 Inde
1159 2326 1335 2366 quoque
1361 2320 1430 2354 cst
1456 2314 1575 2367 quod
1603 2328 1707 2355 nus-

213 2387 346 2428 quam
372 2374 544 2428 aliquis,
568 2376 705 2415 etiam
732 2375 937 2428 posthae,
961 2374 1228 2429 admittatur
1253 2376 1296 2415 in
1322 2389 1503 2416 sensum
1529 2377 1707 2430 spiritu-

212 2436 330 2488 alem
352 2436 506 2486 Verbi,
530 2438 612 2479 nisi
638 2438 681 2477 in
706 2437 910 2490 genuinis
933 2438 1047 2485 veris
1073 2451 1133 2478 ex
1158 2438 1278 2494 bono
1303 2439 1387 2489 sit;
1420 2446 1465 2479 et
1492 2439 1637 2480 nullus
1664 2441 1706 2480 in

212 2500 416 2552 genuinis
434 2500 550 2541 veris
567 2513 626 2541 ex
644 2500 765 2540 bono
783 2513 882 2540 esse
899 2505 1052 2553 potest
1070 2500 1152 2541 nisi
1169 2501 1304 2542 corde
1321 2508 1543 2555 agnoscat
1561 2502 1706 2543 solum

212 2554 457 2610 Dominum
489 2576 570 2616 pro
595 2563 696 2604 Deo
722 2562 835 2604 caeli
860 2569 905 2603 et
932 2569 1094 2611 terrae,›
1117 2564 1175 2605 ab
1201 2564 1306 2618 Ipso
1331 2565 1449 2605 enim
1477 2571 1545 2606 est
1572 2579 1705 2606 omne

211 2624 378 2669 bonum
400 2631 446 2667 et
468 2625 572 2667 inde
590 2639 757 2666 verum.
819 2624 953 2677 Quod
975 2638 1131 2666 sensus
1153 2627 1392 2681 spiritualis
1411 2627 1550 2668 Verbi
1573 2628 1705 2669 hodie

210 2685 460 2744 patefactus
499 2689 571 2737 sit,
609 2694 656 2729 et
694 2701 794 2728 cum
835 2687 911 2728 illo
947 2688 1085 2729 etiam
1125 2690 1320 2742 genuina
1355 2704 1461 2730 vera
1501 2696 1547 2731 et
1587 2691 1705 2730 bona

211 2747 407 2799 detecta,
431 2757 502 2792 est
528 2764 661 2792 causa
682 2751 783 2804 quia
810 2750 1015 2791 ultimum
1036 2750 1247 2803 judicium
1274 2766 1299 2793 a
1325 2752 1522 2795 Domino
1549 2767 1703 2806 perac-

211 2818 307 2853 tum
338 2819 422 2862 est,
455 2819 501 2854 et
532 2813 594 2855 sic
627 2814 776 2854 omnia
811 2814 856 2853 in
887 2813 1021 2854 caelis
1053 2821 1099 2855 et
1135 2815 1179 2855 in
1215 2815 1394 2856 infernis
1426 2817 1469 2856 in
1501 2816 1707 2856 ordinem

210 2874 392 2917 redacta
410 2883 540 2928 sunt;
572 2882 618 2918 et
641 2890 719 2930 per
735 2875 779 2916 id
801 2875 1021 2929 provideri
1044 2890 1069 2918 a
1091 2877 1288 2919 Domino
1311 2885 1462 2932 potest
1482 2892 1537 2919 ne
1561 2891 1702 2932 genu-
