2008 3360
270 358 357 411 684
686 367 1018 400 APOCAvasm
1050 367 1348 400 EXPLICATA.

271 481 438 521 minem
461 486 508 522 et
530 480 634 521 inde
652 477 820 531 vitam·;
853 487 899 522 et
917 480 1127 534 quoniam
1145 480 1208 522 illi
1230 481 1313 522 sibi
1331 481 1578 531 confidunt,
1598 488 1644 523 et
1667 495 1757 524 non

272 543 483 592 Domino,
511 543 673 584 dicitur
701 547 726 563 ‘⁴
741 543 844 584 Non
875 544 1119 596 respiciunt
1151 544 1208 584 ad
1239 543 1453 585 Sanctum
1486 544 1678 594 Israelis,
1712 550 1759 586 et

269 604 489 658 Jehovam
515 604 678 659 [1'1non]
703 612 936 659 quaerunt.
998 605 1073 646 Ex
1096 605 1164 646 his
1187 619 1303 647 nunc
1322 606 1460 648 videri
1482 613 1634 660 potest
1653 607 1758 661 quid

271 667 548 720 significatur
585 682 663 722 per
702 673 727 688 ‘¹
743 682 896 722 equos,
936 681 1088 709 currus
1124 674 1171 710 et
1208 669 1437 710 exercitus
1474 669 1759 719 Pharaonis,”

271 722 393 783 apud
415 730 583 780 Mosen,

287 817 300 831 “
339 818 557 850 “Gloriosus
582 819 708 851 reddar
723 819 759 851 in
779 819 966 850 Pharaone
990 825 1025 850 et
1048 819 1085 850 in
1105 820 1261 851 exercitu
1277 819 1355 860 ejus
1359 845 1451 858 .....
1460 826 1495 852 et
1519 820 1555 851 in
1581 820 1758 861 equitibus

443 862 533 903 ejus.
573 887 581 894 .
595 887 602 895 .
617 887 624 895 .
639 887 646 894 .
657 863 699 894 Et
717 863 889 903 persecuti
907 869 990 894 sunt
1003 863 1172 904 Aegyptii
1183 862 1202 874 ''
1215 863 1306 895 filios
1323 863 1478 901 Israelis,
1498 866 1520 878 ‘⁴
1531 870 1566 895 et
1583 870 1758 895 venerunt

443 912 525 946 post
549 906 628 937 illos
646 906 725 947 equi
746 906 953 943 Pharaonis.
974 916 1095 937 currus
1112 906 1201 947 ejus.
1221 913 1256 938 et
1280 907 1416 948 equites
1435 907 1525 947 ejus,
1545 907 1580 938 in
1600 907 1756 939 medium

444 950 552 980 maris
566 959 588 985 ;.
603 974 611 981 .
625 974 632 981 .
647 957 697 981 .et
710 949 887 991 Jehovah.
901 974 909 981 .
923 965 933 981 .·
945 949 1114 981 ‚removit
1126 956 1240 981 rotam
1255 960 1419 982 curruum
1434 951 1523 990 ejus,
1537 957 1575 982 ut
1586 951 1755 982 ducerent

443 1002 521 1024 cum
534 993 737 1024 difficultate
751 1002 774 1029 ;.
788 1017 796 1025 .
810 1017 817 1024 .
833 999 881 1024 .et
895 1003 973 1024 cum
989 992 1110 1024 Moses
1121 993 1279 1025 extendit
1289 1003 1432 1025 manum
1443 1004 1550 1034 super
1560 1004 1656 1025 mare
1661 1017 1753 1029 .....

443 1046 607 1067 reversae
624 1043 706 1067 suni.
723 1046 846 1077 aquae,
863 1042 898 1067 et
915 1042 1131 1076 operuerunt
1147 1046 1270 1068 currus
1287 1043 1321 1068 et
1338 1047 1358 1068 e
1384 1038 1474 1069 [lites
1491 1047 1570 1068 cum
1588 1037 1758 1068 universo

443 1080 599 1111 exercitu
617 1079 813 1111 Pharaonis
825 1079 843 1091 ’¹
861 1079 984 1120 (Exod.
998 1079 1069 1112 xiv.
1087 1087 1137 1119 17,
1154 1081 1205 1118 18,
1220 1088 1272 1119 23,
1288 1088 1339 1120 25,
1353 1078 1375 1106 [2
1388 1089 1440 1119 27,
1456 1081 1532 1121 28);

269 1161 317 1196 et
342 1154 459 1208 apud
486 1155 693 1204 eundem,

339 1227 510 1260 “Cecinit
536 1228 657 1260 Moses
681 1234 716 1260 et
741 1228 800 1259 filii
834 1228 980 1260 Israelis
1004 1228 1182 1260 canticum
1207 1228 1273 1260 hoc
1297 1228 1493 1271 Jehovaez.
1551 1229 1759 1261 ‚Cantando

444 1273 596 1303 cantabo
620 1271 789 1313 Jehovae,
811 1272 894 1313 quia
917 1272 1109 1303 exaltando
1125 1272 1295 1303 exaltavit
1319 1272 1375 1310 Se,
1398 1253 1542 1328 equumL
1544 1279 1580 1304 et
1603 1273 1758 1313 equitem

444 1315 522 1355 ejus
540 1315 688 1399 proje‹):it
713 1315 747 1347 in
766 1325 863 1346 mare
866 1339 960 1353 .....
968 1321 1004 1347 et
1026 1325 1149 1347 currus
1165 1321 1200 1348 et
1223 1315 1417 1347 exercitum
1435 1315 1531 1356 ejus'
1535 1314 1683 1355 ¹.(Exod
1697 1325 1756 1348 xv.

447 1366 475 1396 1,
488 1367 521 1398 4,
538 1367 577 1399 19
604 1367 640 1390 21

270 1435 374 1489 quid
397 1448 476 1488 per
492 1438 667 1488 “equos
690 1441 735 1476 et
754 1449 905 1476 currus
923 1434 1168 1476 Pharaonis
1179 1434 1198 1450 '’
1214 1449 1291 1476 seu
1309 1434 1576 1489 “Aegypti‘'
1590 1433 1758 1488 signifi-

270 1504 411 1546 catur,
432 1511 564 1551 supra
581 1496 748 1538 diftum
771 1504 840 1538 est
858 1512 868 1549 ;
900 1511 979 1551 per
999 1497 1320 1539 “exercitum'’
1337 1497 1430 1550 ejus
1452 1497 1759 1551 significantur

270 1561 421 1600 omnia
452 1560 564 1600 falsa
593 1561 637 1600 in
669 1574 835 1613 genere
867 1567 914 1601 et
945 1561 990 1601 in
1016 1560 1192 1614 specie;
1225 1566 1271 1601 et
1304 1574 1381 1614 per
1410 1559 1599 1601 “mare”
1620 1559 1759 1612 signi-

270 1622 428 1664 ficatur
454 1624 687 1664 damnatio
719 1630 764 1664 et
797 1623 1032 1672 infernum,
1060 1623 1133 1664 ubi
1165 1637 1322 1664 omnes
1354 1630 1458 1664 sunt
1489 1623 1533 1663 in
1565 1623 1757 1676 proprio,

270 1686 372 1739 quia
408 1686 451 1726 in
484 1686 677 1726 naturali
715 1685 896 1726 homine
927 1691 1140 1739 separato
1171 1699 1197 1726 a
1228 1685 1460 1739 spirituali,
1493 1691 1539 1726 et
1575 1685 1679 1726 inde
1713 1686 1758 1726 in

270 1750 416 1790 omnis
438 1749 615 1802 generis
639 1749 766 1789 malis
790 1755 836 1789 et
857 1748 993 1790 salsis.
1053 1747 1207 1790 Simile
1230 1762 1309 1802 per
1328 1752 1505 1802 “equos
1523 1747 1729 1802 Aegypti
1740 1746 1759 1764 ”

270 1811 549 1864 significatur
574 1812 618 1852 in
645 1812 727 1860 his,
755 1812 873 1865 apud
897 1811 1067 1858 Mosen.

339 1900 407 1932 “Si
428 1898 606 1938 [³]dixeris‚
632 1900 767 1931 Ponam
793 1909 900 1940 super
923 1910 981 1932 me
1006 1909 1126 1940 regem
1132 1924 1223 1937 .....
1232 1900 1401 1940 ponendo
1422 1897 1571 1940 [⁴]pones
1595 1909 1702 1940 super
1724 1905 1759 1931 te

444 1954 562 1983 regem
581 1953 684 1984 quem
699 1944 845 1984 elegerit
861 1943 1022 1985 Jehovah
1041 1943 1138 1975 Deus
1153 1950 1248 1975 tuus.
1264 1967 1271 1975 .
1285 1953 1312 1981 .;
1338 1943 1445 1975 modo
1460 1953 1532 1974 non
1550 1943 1760 1983 multiplicet

443 1987 509 2019 sibi
521 1997 643 2028 equos,
658 1997 722 2018 nec
736 1988 878 2019 reducat
891 1987 1063 2028 populum
1077 1987 1113 2019 in
1126 1986 1331 2028 Aegyptum
1345 1993 1383 2018 ut
1396 1986 1605 2027 multiplicet
1616 1996 1727 2028 equos
1739 1985 1759 1998 ’¹

444 2030 562 2070 (Deut.
577 2031 660 2063 xvii.
678 2031 815 2071 14-16):

269 2113 381 2154 haec
421 2111 540 2153 dicta
577 2119 681 2154 sunt
715 2113 774 2169 de
810 2126 931 2166 rege,
971 2113 1073 2167 quia
1113 2126 1192 2167 per
1226 2126 1357 2165 reges
1394 2117 1761 2166 repraesentatur

270 2176 492 2217 Dominus
533 2176 682 2229 quoad
723 2176 934 2216 Divinum
976 2176 1161 2224 Verum,
1203 2181 1249 2216 et
1290 2189 1369 2228 per
1411 2179 1582 2227 “reges
1597 2174 1616 2190 '¹
1655 2174 1760 2215 inde

269 2235 582 2289 significantur
606 2250 713 2276 vera
738 2250 798 2277 ex
823 2237 946 2277 bono
970 2250 997 2277 a
1022 2236 1222 2277 Domino
1244 2246 1402 2284 (videatur
1416 2255 1520 2284 supra,
1537 2255 1568 2275 n.
1586 2246 1680 2286 31);
1712 2240 1759 2275 et

269 2299 372 2352 quia
396 2311 503 2338 vera
535 2312 593 2338 ex
625 2298 745 2338 bono
771 2298 971 2339 resident
1002 2298 1046 2338 in
1077 2297 1295 2351 spirituali
1327 2296 1523 2345 homine,
1552 2302 1600 2337 ut
1626 2309 1759 2349 supra

269 2359 437 2401 dictum
474 2367 560 2409 est,
593 2366 640 2401 et
672 2360 922 2401 scientifica
953 2374 1066 2414 quae
1099 2366 1202 2401 sunt
1237 2359 1453 2400 naturalis
1490 2359 1683 2399 hominis
1719 2358 1760 2399 ei

268 2424 513 2464 inservient
535 2423 650 2464 sicut
669 2423 783 2464 servi
801 2437 881 2463 suo
899 2421 1131 2472 1⁵1d0mino,
1151 2422 1254 2463 inde
1272 2422 1447 2470 dicitur,
1470 2426 1496 2442 ‘⁴
1509 2421 1646 2462 m'odo
1668 2433 1759 2461 non

270 2486 541 2539 multiplicet
567 2486 649 2526 sibi
675 2499 827 2539 equos,
856 2499 938 2527 nec
965 2485 1153 2527 reducat
1179 2484 1393 2538 populum
1419 2485 1463 2524 in
1490 2484 1757 2537 Aegyptum

269 2555 318 2589 ut
355 2548 625 2602 multiplicet
664 2548 842 2602 equ08,'’
874 2562 952 2602 per
989 2562 1103 2602 quae
1141 2547 1431 2601 significatur,
1469 2547 1604 2587 modo
1641 2559 1697 2587 ne
1733 2559 1760 2586 a

269 2611 489 2665 spirituali
520 2611 701 2652 homine
733 2611 811 2652 fiat
844 2611 1076 2661 naturalis,
1105 2617 1151 2652 et
1183 2617 1327 2651 semet
1359 2611 1504 2663 ipsum
1534 2610 1685 2658 ducat,
1712 2614 1760 2649 et

269 2688 350 2714 suo
382 2675 562 2728 proprio
594 2673 704 2714 fidat
731 2681 778 2714 et
810 2687 901 2714 non
934 2674 1131 2715 Domino
1148 2688 1158 2725 ;
1191 2674 1255 2714 ita
1280 2686 1336 2714 ne
1362 2686 1468 2713 vera
1493 2685 1606 2726 quae
1632 2671 1759 2724 spiri-

269 2737 404 2777 tualis
442 2737 636 2777 hominis
674 2738 872 2777 serviant
910 2737 1117 2786 naturali,
1151 2743 1197 2778 et
1235 2749 1326 2776 non
1363 2733 1609 2776 scientifica
1645 2747 1759 2788 quae

270 2799 486 2840 naturalis
502 2799 695 2840 hominis
710 2800 942 2853 spirituali,
957 2801 1041 2841 hoc
1058 2800 1176 2840 enim
1192 2798 1438 2839 secundum
1453 2797 1656 2838 ordinem
1671 2802 1756 2846 est,

269 2861 379 2902 illud
401 2868 554 2902 autem
577 2868 739 2902 contra
760 2862 976 2902 ordinem.
1038 2861 1208 2903 Similia
1230 2875 1308 2915 per
1328 2864 1504 2915 “equos
1522 2858 1759 2914 Aegypti”

269 2923 580 2977 significantur
605 2923 710 2964 alibi
735 2924 779 2964 in
807 2924 962 2965 Verbo

503 3011 568 3053 (Ut
583 3013 708 3055 Jerem.
722 3013 807 3046 xlvi.
821 3022 853 3053 4,
867 3023 907 3055 9:
928 3014 1051 3047 Ezech.
1064 3014 1150 3047 xvii.
1167 3021 1205 3054 15
1220 3023 1228 3054 ;
1252 3023 1330 3055 cap.
1343 3012 1443 3045 xxiii.
1458 3011 1524 3053 20).
