2008 3360
645 297 752 331 cAP.
775 298 854 339 VI„
878 298 1017 331 VERS.
1043 297 1186 343 5.-Ν.
1211 286 1376 342 372[b].
1675 297 1757 341 733

259 425 342 467 per
364 409 691 466 “prophetaS,‘’
714 411 771 452 de
797 411 954 466 quibus
976 411 1048 453 hic
1075 411 1238 465 agitur,
1263 408 1573 463 significantur
1598 407 1662 449 illi
1684 408 1758 462 qui

259 474 306 516 in
331 474 447 516 veris
473 472 705 515 doctrinae
736 481 855 524 sunt,
884 481 930 516 et
962 472 1192 516 abstracte
1222 487 1249 514 a
1279 473 1484 527 personis
1506 479 1616 513 'vera
1647 471 1757 512 doc·
1799 500 1803 504 -

259 537 431 588 trinae3
473 537 593 591 quod
625 536 688 578 illi
719 538 793 591 qui
830 551 909 591 per
936 537 1255 591 “prophetas’'
1286 535 1607 589 intelliguntur
1638 534 1758 575 mala

259 601 407 650 visuri,
435 606 481 642 et
506 600 619 641 salsa
644 600 899 650 divinaturi,
928 600 1207 654 significatur
1231 614 1311 654 per
1338 602 1364 620 “
1387 599 1495 639 Nox
1521 599 1650 639 vobis
1677 612 1758 652 pro

261 662 447 712 visione,
472 668 519 704 et
545 663 762 704 tenebrae
789 665 987 705 orientur
1011 663 1140 704 vobis
1166 677 1247 717 pro
1272 661 1551 703 divinatione
1572 661 1606 711 ;''
1637 661 1758 715 quod

262 738 354 766 non
390 726 543 767 scituri
579 726 749 767 bonum
786 740 868 768 nec
901 740 1071 775 verum,
1105 725 1383 780 significatur
1413 739 1492 779 per
1526 723 1758 765 “Occidet

262 787 330 829 sol
368 802 501 842 super
537 788 785 843 prophetiS,
825 797 871 831 et
909 791 1137 843 nigrescet
1174 803 1307 843 super
1341 789 1393 829 iis
1434 788 1529 828 dies
1547 787 1581 838 ;‘’
1621 786 1758 827 “sol'‘

262 850 487 904 significat
509 851 678 893 bonum
700 853 878 901 amoris,
900 859 947 894 et
972 853 1106 893 “dies
1117 852 1136 867 ”
1153 864 1308 893 verum
1330 850 1446 899 fidei,
1472 857 1518 892 et
1544 851 1758 904 “nigres-

262 913 394 955 cere”
418 914 539 969 quod
565 928 657 956 non
683 915 888 956 videatur
913 922 960 957 et
986 916 1166 957 sciatur.
1227 913 1368 968 Apud
1394 913 1681 962 Ezechielem,

334 1010 462 1052 “Quin
487 1011 670 1052 obtegam,
691 1021 772 1043 cum
798 1012 1005 1043 exstinxero
1030 1018 1076 1049 te,
1096 1011 1227 1049 caelos,
1254 1015 1291 1042 et
1313 1011 1440 1042 atrabo
1464 1010 1589 1042 stellas
1609 1019 1759 1049 βοωπις

438 1055 557 1086 solem'
565 1056 662 1086 nube
675 1056 857 1096 obtegam,
873 1062 908 1087 et
922 1055 1008 1087 luna
1017 1065 1091 1086 non
1105 1055 1223 1087 lucere
1236 1053 1343 1086 faciet
1355 1054 1476 1085 lumen
1490 1063 1594 1085 suurn
1606 1053 1624 1064 ”
1634 1053 1757 1094 (xxxii.

442 1098 493 1138 7):

264 1183 377 1225 haec
415 1184 472 1225 de
514 1183 753 1226 Pharaone
790 1198 897 1238 rege
935 1184 1158 1238 Aegypti,
1196 1197 1275 1238 per
1310 1196 1444 1238 quem
1481 1182 1760 1236 significatur

265 1247 565 1289 scientificum
599 1248 880 1302 applicatum
918 1248 1056 1297 falsis,
1090 1248 1210 1302 quod
1245 1246 1296 1288 fit
1329 1247 1510 1302 quando
1543 1246 1760 1287 naturalis

265 1310 405 1352 homo
431 1325 490 1352 ex
516 1311 717 1352 scientiis
743 1312 884 1352 intrat
912 1312 956 1352 in
983 1310 1245 1365 spiritualia,
1270 1316 1317 1351 et
1344 1324 1435 1351 non
1462 1310 1684 1360 vicissim;
1717 1310 1760 1350 id

265 1374 368 1428 quia
389 1380 551 1415 contra
573 1374 777 1415 ordinem
796 1381 879 1423 est,
901 1389 981 1428 pro
1003 1375 1119 1415 veris
1136 1374 1405 1427 arripiuntur
1423 1379 1469 1414 et
1488 1372 1760 1413 confirman-

265 1443 338 1478 tur
357 1435 470 1478 salsa
489 1451 498 1478 z
527 1437 648 1492 quod
663 1444 771 1478 tunc
796 1451 886 1478 non
909 1437 1064 1478 influat
1087 1436 1254 1492 aliquid
1276 1450 1300 1477 e
1322 1435 1463 1484 caelo,
1483 1434 1762 1488 significatur

265 1514 346 1554 per
379 1500 636 1554 “obtegam
673 1500 826 1541 caelos
847 1500 881 1551 ;”
913 1506 959 1540 et
996 1500 1116 1553 quod
1157 1505 1264 1540 tune
1298 1498 1448 1540 nullae
1474 1499 1762 1551 cognitiones

266 1563 374 1612 veri,
413 1563 694 1617 significatur
734 1577 813 1617 per
852 1563 1052 1604 “atrabo
1092 1562 1252 1603 stellas
1293 1561 1487 1610 eorum,‘’
1527 1560 1762 1602 “stellae'’

266 1626 385 1667 enim
412 1633 517 1668 sunt
544 1627 831 1680 cognitiones
859 1626 978 1676 veri;
1012 1625 1132 1679 quod
1158 1625 1262 1666 inde
1289 1637 1380 1666 non
1405 1625 1574 1666 bonum
1597 1624 1763 1664 amoris

267 1695 314 1730 et
342 1702 433 1730 non
459 1703 615 1731 verum
633 1689 750 1738 fidei,
775 1689 1053 1742 significatur
1075 1702 1154 1742 per
1178 1687 1359 1729 “solem
1381 1688 1499 1729 nube
1526 1688 1759 1740 obtegam,

265 1758 313 1793 et
358 1751 465 1794 luna
504 1766 595 1794 non
637 1753 787 1794 lucere
831 1753 966 1793 faciet
1011 1751 1164 1792 lumen
1205 1764 1332 1792 suum
1350 1751 1384 1802 ;'’
1425 1765 1504 1805 per
1546 1750 1762 1791 “solem''

265 1815 545 1869 significatur
575 1816 744 1857 bonum
786 1816 965 1863 amoris,
999 1821 1046 1856 et
1083 1828 1162 1868 per
1195 1813 1387 1855 “lunam
1401 1814 1420 1829 ’'
1452 1827 1608 1855 verum
1645 1813 1761 1854 fidei.

267 1879 380 1917 (Quod
391 1888 448 1917 per
460 1878 601 1908 ‘'solem''
615 1884 646 1908 et
656 1878 806 1908 “lunam''
820 1878 873 1907 illa
881 1878 1104 1915 significentur,
1115 1877 1259 1907 videatur
1267 1877 1300 1906 in
1309 1886 1405 1915 opere
1416 1878 1467 1906 De
1479 1878 1571 1906 Caelo
1582 1880 1612 1906 et
1622 1877 1761 1915 Inferna,

259 1932 299 1955 n.
317 1924 482 1962 116-125.)

350 1976 434 2031 [ἰὴ]
485 1975 660 2018 Similia
697 1975 1010 2030 significantur
1052 1988 1132 2028 per
1176 1974 1403 2024 “solem,'’
1444 1973 1675 2015 “lunam'’
1715 1980 1763 2015 et

269 2041 296 2060 ‘⁴
307 2038 467 2080 stellas
478 2038 497 2054 ''
522 2038 642 2092 apud
668 2037 851 2086 Joelem,

337 2127 504 2160 “Coram
523 2127 585 2159 illo
601 2133 787 2159 commota
803 2132 859 2158 est
875 2133 980 2163 terra.
1001 2131 1298 2157 contremuerunt
1314 2125 1414 2162 caeli,
1435 2125 1491 2157 sol
1508 2131 1544 2157 et
1557 2125 1642 2156 luna
1658 2124 1764 2156 atrati

442 2169 560 2203 [¹lsunt
575 2177 612 2203 et
634 2171 761 2203 stellae
781 2176 1038 2202 contraxerunt
1057 2169 1287 2210 splendorem
1306 2179 1413 2201 suum
1425 2168 1442 2181 ”
1459 2169 1508 2209 (ii.
1532 2177 1592 2207 10;
1621 2178 1698 2209 cap.
1716 2168 1762 2200 iv,

445 2213 742 2258 [B.A.iii.]15);

267 2302 315 2337 et
341 2294 503 2336 similia
528 2295 572 2335 in
598 2292 890 2346 Apocalypsi,

337 2373 431 2405 “Sol
454 2371 570 2404 faetus
586 2377 642 2403 est
665 2371 778 2411 niger,
798 2377 969 2410 tanquam
994 2378 1118 2400 saccus
1142 2369 1315 2408 cilicinus,
1335 2374 1371 2401 et
1389 2369 1475 2400 luna
1490 2366 1587 2400 facsta
1610 2374 1666 2399 est
1690 2374 1767 2399 tan-

443 2425 550 2457 quam
567 2414 745 2456 sanguis’'
764 2414 824 2455 (vi.
843 2414 916 2453 12):

268 2505 374 2560 quid
400 2505 444 2546 in
472 2504 622 2558 specie
648 2517 728 2557 per
753 2502 866 2543 haec
894 2499 1186 2554 significatur,
1213 2500 1438 2542 videbitur
1463 2501 1507 2541 in
1534 2499 1764 2554 sequenti·
1810 2530 1815 2536 .

269 2569 366 2610 bus.
427 2568 566 2622 Apud
591 2565 876 2614 Ezechielem,

337 2658 346 2673 ‘
354 2659 361 2671 ‘
371 2657 415 2689 In
427 2657 486 2689 die
496 2667 567 2698 quo
578 2657 817 2688 descensurus
831 2654 931 2686 estin
946 2654 1124 2685 infernum
1129 2679 1221 2692 .....
1229 2655 1397 2695 obtegam
1409 2663 1515 2694 super
1526 2664 1568 2685 eo
1580 2654 1763 2694 abyssum,

443 2706 479 2733 et
495 2700 666 2732 inhibebo
686 2699 836 2730 flumina
852 2697 940 2738 ejus,
960 2703 1000 2729 ut
1016 2697 1252 2730 occludantur
1267 2708 1382 2739 aquae
1399 2707 1564 2738 magnae,
1585 2703 1620 2728 et
1637 2697 1764 2728 atrabo

443 2754 551 2828 {uper
569 2754 624 2828 eo)
634 2743 824 2780 Libanum,
843 2747 879 2773 et
895 2751 1024 2773 omnes
1039 2742 1189 2774 arbores
1205 2742 1284 2782 agri
1309 2751 1417 2782 super
1433 2751 1477 2773 eo
1502 2739 1767 2781 languescent”

410 2823 414 2826 ,
457 2798 553 2820 xxxi,
571 2795 609 2827 15
637 2798 644 2820 :

269 2880 419 2934 agitur
453 2880 513 2921 ibi
549 2880 606 2920 de
638 2878 861 2926 Aschure,
890 2878 963 2931 qui
1003 2877 1062 2918 ibi
1093 2877 1367 2919 assimilatur
1399 2877 1561 2928 cedro;
1607 2883 1654 2918 et
1686 2890 1765 2930 per

273 2941 601 2984 “Aschurem”
627 2942 685 2983 ibi
711 2940 990 2995 significatur
1015 2941 1304 2982 ratiocinatio
1326 2941 1382 2982 de
1403 2941 1519 2981 veris
1541 2939 1763 2981 ecclesiae
