2008 3360
672 317 780 349 CAP.
803 318 884 358 vr,
907 317 1046 350 vans.
1067 317 1217 360 4.—-N.
1242 307 1408 361 365[b].
1703 317 1787 372 713

296 427 418 469 mino
431 427 507 469 illa
522 426 641 470 dicta
654 429 743 470 sint
759 430 814 470 de
826 428 1132 471 destru&ione
1148 428 1494 482 Hierosolymae
1511 443 1519 479 ;
1543 429 1622 470 sed
1637 430 1797 471 omnia,

295 505 410 546 quae
437 491 658 532 Dominus
690 492 866 534 locutus
898 501 982 542 est,
1011 494 1112 547 quia
1136 507 1163 533 a
1190 493 1367 541 Divino,
1396 506 1486 532 non
1518 491 1787 545 spectabant

296 555 524 595 mundana
554 562 600 595 et
639 557 923 609 temporaria,
957 556 1037 597 sed
1069 555 1283 596 caelestia
1314 562 1360 596 et
1397 563 1608 605 aeterna3
1650 569 1787 609 quare

295 631 374 671 per
389 621 415 637 ‘⁸
436 617 841 670 Hierosolymam‚''
859 633 990 672 super
1007 633 1094 673 qua
1113 619 1333 659 Dominus
1355 617 1491 666 flevit,
1513 619 1582 659 hic
1610 625 1658 661 ut
1681 618 1787 660 alibi

294 680 572 734 significatur
597 681 802 730 ecclesia,
826 696 940 735 quae
966 689 1073 723 tunc
1096 695 1275 736 prorsus
1297 687 1478 722 vastata
1499 681 1594 729 suit,
1618 688 1667 722 ut
1688 692 1786 722 am-

295 744 410 797 plius
447 757 537 784 non
569 758 723 785 verum
760 752 806 785 et
844 746 948 786 inde
986 759 1076 786 non
1115 746 1280 785 bonum
1318 751 1455 793 esset,
1483 751 1529 785 et
1565 745 1626 785 sic
1664 744 1784 798 quod

298 808 479 860 perituri
511 808 553 847 in
586 815 846 848 aeternum:
886 822 1022 862 quare
1054 809 1176 856 dicit,
1206 807 1290 848 “Si
1323 821 1493 855 nosses,
1527 814 1572 848 et
1604 807 1784 860 quidem

292 872 345 910 in
362 870 433 911 die
465 870 564 918 hoc,
592 885 706 924 quae
732 871 789 911 ad
816 885 974 924 pacem
1001 870 1165 920 tuam,'‘
1191 871 1276 911 hoc
1303 877 1388 919 est,
1416 884 1530 923 quae
1561 871 1618 910 ad
1644 871 1784 910 vitam

291 939 338 974 et
378 933 640 974 felicitatem
677 941 909 974 aeternam
946 948 1060 988 quae
1096 948 1122 974 a
1158 933 1256 974 solo
1293 933 1519 983 Domino;
1562 946 1666 973 nam
1707 946 1785 986 per

293 997 530 1051 “pacem‚''
562 1004 609 1038 ut
649 996 819 1038 dictum
856 1005 941 1046 est,
974 998 1242 1050 intelligitur
1281 997 1456 1038 caelum
1489 1004 1536 1037 et
1573 997 1784 1049 gaudium

290 1059 488 1101 caeleste
510 1073 588 1113 per
610 1059 972 1112 conjunctionem
997 1074 1096 1101 cum
1121 1060 1330 1101 Domino.
1390 1059 1528 1113 Apud
1551 1060 1757 1109 eundem,

360 1157 384 1170 ‘⁴
394 1155 600 1188 Zacharias.
614 1181 622 1188 .
635 1181 643 1188 .
652 1157 870 1197 prophetans
883 1157 986 1188 dixit.
1002 1181 1009 1188 .
1022 1182 1031 1188 .
1040 1182 1047 1194 ‚
1061 1156 1169 1188 Ortus
1180 1156 1224 1187 de
1237 1156 1310 1187 alto
1323 1162 1470 1196 apparet
1484 1156 1554 1187 illis
1565 1156 1623 1197 qui
1638 1156 1673 1187 in
1687 1162 1785 1188 tene-

467 1200 539 1230 bris
555 1206 592 1231 et
608 1201 734 1230 umbra
751 1201 876 1231 mortis
894 1201 1031 1236 sedent.
1047 1201 1093 1231 ad
1109 1200 1334 1240 dirigendum
1351 1200 1460 1240 pedes
1478 1206 1621 1231 nostros
1638 1200 1674 1231 in
1688 1200 1784 1231 viam

466 1244 563 1284 pacis
575 1242 594 1254 ”
611 1243 648 1283 (i.
666 1241 735 1285 [67,
752 1241 822 1284 78,]
837 1243 910 1284 79):

290 1340 400 1380 haec
420 1339 477 1380 de
500 1340 696 1380 Domino
714 1340 757 1380 in
776 1340 989 1380 mundum
1007 1346 1212 1388 venturo,
1232 1346 1278 1381 et
1296 1340 1352 1381 de
1370 1340 1670 1381 illustratione
1687 1340 1785 1382 illo-

290 1415 386 1443 rum
409 1409 515 1443 tunc
538 1404 612 1456 qui
633 1410 766 1443 extra
788 1403 1026 1443 ecclesiam
1050 1410 1193 1451 erant,
1217 1410 1263 1444 et
1285 1404 1328 1443 in
1355 1404 1611 1456 ignorantia
1634 1404 1784 1445 Divini

290 1465 398 1506 Veri
435 1467 538 1519 quia
579 1479 667 1506 non
709 1466 938 1506 habebant
980 1466 1181 1506 Verbum
1202 1480 1211 1516 ;
1256 1466 1476 1507 Dominus
1517 1467 1784 1520 intelligitur

289 1542 368 1582 per
387 1528 588 1570 “Ortum
610 1529 668 1569 ab
689 1529 785 1569 alto
798 1529 817 1543 '’
834 1530 906 1582 qui
927 1536 1130 1582 apparet,
1149 1536 1196 1570 et
1214 1529 1275 1569 illi
1297 1530 1371 1583 qui
1393 1537 1526 1570 extra
1544 1530 1782 1572 ecclesiam

289 1591 604 1645 intelliguntur
642 1606 720 1645 per
762 1606 839 1632 eos
878 1596 902 1612 “
916 1593 988 1645 qui
1030 1593 1073 1632 in
1111 1593 1310 1632 tenebris
1347 1599 1394 1633 et
1432 1594 1589 1633 umbra
1624 1595 1781 1635 mortis

222 1665 229 1666 ’
287 1655 449 1696 sedent
465 1655 499 1705 ;”
530 1661 576 1696 et
602 1655 844 1695 illustratio
869 1668 1022 1695 eorum
1047 1656 1090 1695 in
1118 1654 1290 1695 Divinis
1311 1656 1427 1696 veris
1454 1670 1532 1709 per
1557 1657 1780 1709 receptio·

288 1730 392 1758 nem
426 1718 607 1758 Domini
639 1725 685 1758 et
717 1716 1078 1770 conjunfflonem
1110 1730 1210 1758 cum
1243 1717 1361 1771 Ipso.
1389 1719 1507 1759 unde
1534 1718 1708 1760 caelum
1734 1725 1781 1760 et

285 1780 476 1821 felicitas
493 1788 691 1829 aeterna,
708 1780 974 1833 intelligitur
991 1793 1070 1833 per
1085 1781 1238 1820 “viam
1258 1781 1380 1833 pacis
1397 1781 1431 1831 ;’'
1457 1795 1535 1834 per
1552 1782 1781 1835 “dirigere

288 1844 427 1897 pedes
450 1851 630 1884 nostros
662 1844 706 1883 in
738 1843 884 1883 illam’'
905 1842 1181 1896 significatur
1202 1842 1451 1884 instructio.
1514 1844 1651 1897 Apud
1673 1857 1782 1885 eun-

287 1907 406 1955 dem,
431 1914 434 1919 '

351 1995 530 2036 'Discipuli
562 1991 756 2027 laudabant
790 1996 917 2032 Deum,
946 1995 1116 2033 dicentes,
1149 1994 1400 2027 “Benedictus
1431 1996 1508 2027 Rex
1533 1996 1591 2037 qui
1616 1996 1715 2028 venit
1742 1997 1779 2028 in

459 2040 606 2071 nomine
625 2039 772 2071 Domini
786 2049 794 2076 ;
819 2050 889 2080 pax
905 2040 941 2070 in
961 2039 1059 2070 caelo
1073 2045 1108 2070 et
1123 2039 1239 2079 gloria
1254 2040 1291 2070 in
1307 2040 1492 2073 altissimis
1503 2040 1521 2051 ’¹
1532 2041 1616 2079 (xix.
1633 2040 1717 2079 38)‘:,

286 2140 397 2181 haec
423 2154 450 2180 a
475 2140 703 2194 discipulis
729 2138 849 2181 dic'ta
877 2146 979 2180 sunt
1012 2153 1112 2179 cum
1146 2139 1366 2181 Dominus
1397 2141 1477 2182 ivit
1512 2141 1776 2194 Hierosoly-

283 2215 419 2250 mam,
457 2210 506 2244 ut
544 2204 602 2244 ibi
639 2217 717 2256 per
754 2204 1006 2256 passionem
1046 2203 1200 2249 crucis,
1239 2217 1352 2256 quae
1389 2204 1468 2244 suit
1506 2205 1664 2245 ultima
1701 2205 1776 2258 Ip-

283 2266 373 2306 sius
398 2267 609 2314 tentatio,
637 2266 770 2319 plane
797 2267 941 2306 uniret
973 2265 1231 2306 Humanum
1258 2280 1383 2306 suum
1417 2267 1582 2308 Divino
1608 2281 1702 2313 suo,
1728 2273 1776 2308 et

282 2342 460 2382 quoque
494 2342 673 2382 prorsus
705 2328 961 2381 subjugaret
993 2327 1191 2378 inferna;
1232 2335 1277 2369 et
1309 2330 1412 2383 quia
1443 2336 1549 2370 tunc
1582 2330 1639 2370 ab
1670 2330 1775 2383 Ipso

283 2392 548 2446 procederet
568 2405 701 2432 omne
721 2392 930 2431 Divinum
951 2390 1123 2430 Bonum
1142 2398 1188 2431 et
1206 2390 1391 2440 Verum,
1407 2393 1578 2440 dicunt,
1596 2392 1774 2433 “Bene-

282 2453 430 2496 dictus
456 2455 559 2495 Rex
587 2456 660 2508 qui
687 2456 809 2495 venit
835 2455 879 2494 in
907 2454 1086 2493 nomine
1113 2453 1333 2502 Domini,‘’
1356 2469 1434 2508 per
1459 2456 1578 2508 quod
1601 2454 1770 2508 signifi-

281 2518 469 2559 cabatur
504 2518 692 2570 agnitio,
725 2516 1007 2570 glorificatio,
1040 2523 1085 2557 et
1122 2517 1368 2569 gratiarum
1404 2517 1523 2558 actio
1559 2517 1679 2571 quod
1715 2518 1774 2558 ab

282 2579 390 2632 Ipso
406 2578 486 2619 illa
503 2589 661 2627 (videatur
672 2598 777 2626 supra,
790 2597 820 2617 n.
837 2587 1034 2628 340[a.b]);
1061 2590 1140 2630 per
1159 2582 1360 2631 “pacem
1378 2580 1422 2618 in
1440 2579 1603 2619 caelo’'
1624 2584 1670 2619 et
1692 2592 1773 2632 per

282 2640 510 2693 “gloriam
536 2641 579 2680 in
606 2638 873 2687 altissimis,”
896 2637 1174 2691 significatur
1194 2640 1314 2693 quod
1340 2640 1443 2680 illae
1465 2654 1578 2693 quae
1603 2638 1772 2692 signifi-

279 2709 439 2744 cantur
463 2717 541 2756 per
564 2707 761 2756 “pacem
774 2702 793 2716 ”
815 2702 904 2741 sint
931 2715 990 2741 ex
1018 2702 1179 2743 unione
1203 2703 1346 2756 Ipsius
1369 2703 1518 2743 Divini
1545 2717 1595 2743 ac
1623 2703 1772 2743 Divini
1795 2727 1797 2729 -

283 2765 494 2814 Humani,
518 2773 563 2806 et
587 2766 689 2806 inde
711 2764 884 2817 angelis
911 2770 958 2804 et
980 2764 1231 2805 hominibus
1254 2779 1313 2806 ex
1336 2765 1648 2818 conjunctione
1670 2778 1770 2806 cum

283 2828 507 2878 Domino;
555 2842 658 2869 nam
690 2835 803 2868 cum¹
822 2841 848 2867 a
879 2827 1076 2868 Domino
1107 2827 1343 2881 subjugata
1378 2828 1553 2869 fuerunt
1585 2829 1768 2877 inferna,

280 2898 387 2933 tunc
418 2891 535 2933 facta
566 2899 634 2932 est
668 2905 757 2944 pax
789 2891 834 2930 in
860 2889 1001 2938 caelo,
1034 2897 1081 2931 et
1113 2897 1218 2932 tunc
1253 2891 1462 2931 Divinum
1487 2891 1656 2932 Verum
1687 2891 1768 2933 fuit

279 2951 369 2993 illis
384 2953 458 3006 qui
474 2953 549 3002 ibi,
566 2966 591 2993 a
610 2952 824 2999 Domino,
841 2950 962 3004 quod
984 2957 1055 2991 est
1073 2951 1257 3004 “gloria
1273 2952 1318 2992 in
1335 2951 1611 2998 altissimis?
1657 2962 1771 3002 (Quod
