2008 3360
642 373 750 406 CAP.
772 373 852 414 v1.,
875 373 1014 406 VERS.
1038 373 1185 406 2.—N.
1210 375 1232 416 3
1239 362 1374 418 57[b].
1670 362 1749 416 691

259 487 410 541 ‘agitur
432 486 489 527 de
521 486 850 540 significatione
877 487 1015 540 “equi
1031 485 1066 536 ;‘’
1097 500 1176 540 per
1202 489 1392 526 “arcum
1424 484 1560 525 belli'’
1586 483 1754 538 signifi-

259 557 389 592 catur
414 563 567 590 verum
596 563 802 603 pugnans
824 564 883 591 ex
910 548 1127 591 doctrina.
1188 548 1327 602 Apud
1352 546 1589 597 Habakuk‚

332 648 353 663 ‘⁸
365 645 459 678 Num
474 645 590 677 fluviis
605 646 806 677 succensuit
817 645 1003 688 Jehovah?
1026 655 1111 677 num
1125 651 1251 677 contra
1263 644 1391 676 fluvios
1405 645 1456 676 ira
1468 645 1552 677 tua?
1574 653 1660 675 num
1670 653 1756 676 con-

435 696 492 721 tra
509 699 607 720 mare
621 690 917 721 excandescentia
930 691 1013 722 tua?
1036 689 1130 730 quod
1146 690 1283 730 equites
1297 698 1405 729 super
1415 688 1515 729 equis
1532 689 1753 726 tuis,·curtus

435 733 486 765 tui
503 733 612 771 salus,
632 733 874 764 denudatione
890 733 1127 765 denudabitur
1142 742 1246 764 arcus
1263 738 1344 764 tuus
1355 731 1374 744 ”
1391 731 1453 772 (iii.
1468 732 1498 770 8,
1510 731 1544 773 9)
1557 743 1564 764 ε

259 828 399 870 etiam
439 827 524 869 hoc
566 827 846 881 explicatum
885 834 956 869 est
996 828 1040 868 in
1080 826 1270 868 articulo
1306 827 1636 881 praecedente;
1677 839 1756 886 per

261 891 599 932 “denudabitur
625 904 752 931 arcus
784 897 885 931 tuus
898 890 917 906 ”
943 890 1221 944 significatur
1246 890 1366 944 quod
1397 890 1621 943 aperietur
1646 889 1754 930 doc-

259 955 378 996 trina
402 955 508 995 veri.
570 953 708 1007 Apud
734 953 937 1002 Esaiam,
1640 955 1644 959 '

329 1050 352 1064 '‘
363 1049 493 1081 Coram
511 1049 639 1090 gladiis
654 1050 888 1089 vagabuntur,
905 1059 1024 1081 coram
1042 1049 1163 1090 gladio
1175 1055 1327 1081 extenso
1340 1054 1375 1081 et
1392 1058 1511 1080 coram
1529 1058 1613 1079 arcu
1630 1054 1755 1086 tenso;

434 1099 470 1124 et
490 1100 636 1134 propter
654 1093 866 1133 gravitatem
891 1093 989 1125 belli.
1005 1118 1012 1125 .
1026 1118 1033 1125 .
1049 1099 1294 1125 ,consumetur
1313 1093 1433 1124 omnis
1452 1088 1577 1132 gloria*
1590 1091 1752 1129 Kedaris,

434 1143 470 1220 ῗῑ
487 1137 657 1220 reliquiae)
680 1138 818 1168 numeri
841 1146 943 1168 arcus
961 1137 1106 1168 fortium
1124 1137 1276 1168 filiorum
1297 1135 1448 1168 Kedaris
1473 1146 1606 1176 paucae
1621 1134 1755 1167 erunt'‘

449 1191 520 1212 xxi.
537 1188 643 1219 15-17
664 1191 676 1212 r:

259 1270 410 1323 agitur
440 1270 499 1310 ibi
537 1270 580 1310 in
613 1282 747 1310 sensu
779 1269 996 1323 spirituali
1028 1270 1084 1310 de
1116 1269 1449 1323 cognitionibus
1481 1269 1601 1317 boni,
1633 1269 1755 1322 quod

259 1333 483 1387 periturae
502 1333 606 1381 sint,
622 1339 668 1373 et
687 1334 806 1386 quod
826 1346 993 1386 paucae
1009 1346 1296 1373 remansurae
1314 1346 1323 1382 ;
1351 1345 1429 1385 per
1454 1336 1478 1352 ‘⁴
1493 1331 1755 1372 Kedarem”

259 1410 338 1437 seu
374 1395 594 1436 Arabiam
632 1395 942 1449 significantur
978 1395 1040 1435 illi
1081 1396 1154 1449 qui
1194 1396 1239 1436 in
1279 1395 1613 1448 cognitionibus
1650 1395 1755 1435 boni

259 1466 378 1509 sunt,
398 1466 446 1500 et
468 1458 697 1500 abstra&e
720 1460 841 1513 ipsae
864 1459 967 1499 illae
990 1460 1300 1512 cognitiones;
1327 1459 1447 1512 quod
1470 1459 1756 1511 cognitiones

259 1524 349 1563 veri
381 1524 604 1576 periturae
625 1536 714 1577 >per
740 1523 850 1563 salsa
876 1530 921 1563 et
955 1536 1032 1576 per
1058 1521 1322 1563 doctrinam'
1338 1522 1450 1570 falsi,
1479 1521 1756 1575 significatur

259 1599 338 1639 per
358 1586 478 1640 quod
498 1591 522 1606 ‘⁴
537 1600 689 1627 coram
712 1586 873 1639 gladiis
891 1586 1189 1638 vagabuntur,
1209 1598 1361 1626 coram
1384 1585 1537 1638 gladio
1559 1592 1756 1626 extenso

258 1655 306 1690 et
342 1663 495 1690 coram
526 1663 631 1690 arcu
668 1656 800 1690 tenso
817 1649 850 1699 ;‘’
894 1649 1108 1702 “gladius
1121 1648 1139 1663 ''
1170 1655 1241 1689 est
1272 1648 1432 1689 falsum
1465 1662 1675 1702 pugnans
1708 1655 1756 1689 et

230 1710 587 1761 ‘destruens,fflet
615 1717 782 1754 “arcus
795 1712 814 1727 ”
839 1720 909 1753 est
936 1710 1140 1752 doctrina
1165 1711 1287 1752 falsi:
1321 1712 1442 1765 quod
1470 1711 1756 1764 cognitiones

260 1775 367 1817 boni
398 1777 622 1830 periturae
654 1777 758 1824 sint,
786 1774 1063 1829 significatur
1094 1788 1173 1828 per
1202 1774 1329 1824 haec,
1359 1778 1581 1828 “propter
1606 1774 1755 1827 gravi-

259 1845 405 1880 tatem
426 1839 531 1880 belli
551 1872 559 1880 .
579 1872 587 1879 .
607 1872 615 1879 .
634 1846 923 1880 consumetur
937 1838 1082 1879 omnis
1100 1837 1244 1891 gloria
1259 1837 1452 1879 Kedaris
1470 1837 1502 1887 ;‘’
1527 1837 1756 1890 “gravitas

260 1902 367 1943 belli
379 1902 398 1917 ”
412 1909 481 1943 est
498 1903 795 1956 impugnatio,
809 1909 855 1942 et
872 1906 896 1922 “
910 1908 1199 1942 consumetur
1212 1901 1358 1941 omnis
1372 1900 1515 1954 gloria
1531 1899 1756 1940 Kedaris‘’

258 1972 331 2006 est
356 1967 580 2007 vastatio:
614 1973 660 2006 et
687 1966 807 2019 quod
834 1978 1001 2019 paucae
1028 1964 1310 2017 cognitiones
1336 1977 1622 2004 remansurae
1648 1963 1752 2009 sint.

259 2028 528 2069 describitur
542 2043 620 2082 per
634 2029 753 2082 quod
770 2028 1019 2081 “reliquiae
1038 2027 1209 2067 numeri
1227 2040 1354 2068 arcus
1372 2027 1548 2067 fortium
1566 2025 1754 2066 filiorum

260 2091 457 2133 Kedaris
475 2106 644 2146 paucae
661 2099 791 2133 erunt
810 2091 842 2140 ;'’
863 2096 887 2111 “
900 2104 1026 2131 arcus
1045 2090 1224 2130 fortium
1237 2090 1255 2104 '’
1273 2097 1343 2130 est
1362 2088 1567 2130 doctrina
1585 2090 1677 2130 veri
1694 2102 1754 2130 ex

261 2156 598 2209 cognitionibus
623 2169 738 2209 quae
763 2155 916 2195 valen-t
940 2160 1099 2194 contra
1123 2152 1247 2193 salsa.
1308 2152 1447 2206 Apud
1473 2152 1682 2200 eundem,

327 2252 350 2266 “
364 2251 489 2284 Posuit
512 2262 554 2283 os
572 2261 691 2283 meum
709 2252 800 2283 sicut
816 2251 972 2291 gladium
997 2255 1138 2281 acutum
1144 2274 1236 2286 .....
1245 2257 1279 2281 et
1297 2250 1416 2290 posuit
1435 2249 1496 2281 Me
1514 2249 1550 2280 in
1567 2249 1678 2280 telum
1696 2258 1756 2280 ex-

434 2302 636 2336 purgatum,
657 2296 693 2326 in
712 2296 877 2336 pharetra
893 2304 958 2325 sua
974 2293 1166 2324 occultavit
1182 2293 1272 2325 Me’'
1290 2291 1422 2333 (fflxlix.
1439 2293 1490 2334 2):

258 2389 408 2442 agitur
424 2390 561 2430 etiam
585 2390 644 2430 ibi
666 2389 722 2430 de
743 2389 965 2436 Domino;
999 2393 1044 2427 et
1068 2400 1146 2440 per
1165 2387 1401 2441 “gladium
1426 2386 1639 2428 acutum”
1661 2386 1754 2440 sig-

259 2451 464 2493 nificatur
481 2466 635 2493 verum
654 2452 919 2505 dispergens
938 2450 1112 2497 falsum,
1128 2463 1206 2503 per
1221 2454 1246 2470 ‘⁴
1260 2450 1398 2491 telum
1419 2447 1756 2503 expurgatum”

257 2513 533 2567 significatur
543 2528 696 2555 verum
712 2516 976 2567 dispergens
992 2513 1173 2560 malurn,
1186 2520 1232 2554 et
1250 2527 1328 2566 per
1342 2511 1754 2566 “pharetram''sig-

259 2576 463 2618 nificatur
485 2577 715 2627 Verbum;
751 2577 854 2617 inde
880 2582 1006 2629 patet
1033 2576 1137 2629 quid
1163 2575 1440 2629 significatur
1466 2589 1544 2628 per
1568 2575 1754 2629 “posuit

257 2653 309 2680 os
335 2639 482 2681 meum
508 2642 623 2681 sicut
649 2640 848 2694 gladium
875 2645 1071 2687 acutum,
1092 2646 1222 2680 ...et
1254 2640 1401 2692 posuit
1430 2638 1505 2678 Me
1537 2638 1581 2678 in
1612 2637 1753 2678 telum

256 2710 577 2756 expurgatum,
597 2710 643 2744 et
666 2705 708 2743 in
728 2703 939 2756 pharetra
955 2715 1035 2741 sua
1052 2701 1299 2743 occultavit
1319 2701 1434 2749 Me,”
1451 2701 1570 2754 quod
1590 2703 1752 2753 nempe

257 2766 301 2806 in
335 2767 440 2820 Ipso
471 2773 517 2807 et
555 2781 613 2807 ex
648 2766 752 2819 Ipso
784 2766 840 2805 sit
875 2765 1086 2805 Divinum
1119 2764 1289 2806 Verum
1322 2778 1400 2818 per
1431 2765 1551 2818 quod
1583 2764 1754 2817 disper-

257 2836 424 2882 guntur
445 2829 556 2870 falsa
578 2836 623 2870 et
647 2829 777 2877 mala,
797 2835 843 2869 et
861 2827 982 2881 quod
1003 2827 1048 2868 in
1071 2827 1176 2881 Ipso
1198 2835 1245 2868 et
1267 2841 1326 2868 ex
1350 2827 1455 2881 Ipso
1477 2828 1535 2868 sit
1553 2826 1754 2867 Verbum

258 2892 332 2933 ubi
357 2899 403 2933 et
430 2893 548 2933 unde
574 2892 649 2933 illa
675 2905 793 2932 vera.
854 2890 993 2944 Apud
1017 2890 1252 2940 Davidem,

327 2988 348 3002 ⁴⁴
361 2987 450 3020 Ecce
462 2988 642 3020 hereditas
656 2987 814 3029 Jehovae
829 2986 901 3024 filii.
919 2996 1055 3018 merces
1069 2984 1206 3018 fructus
1217 2975 1352 3018 ventris
1367 2995 1374 3025 ;
1399 2986 1490 3018 sicut
1506 2981 1580 3017 tela'
1590 2985 1626 3017 in
1641 2994 1750 3016 manu

429 3032 597 3075 potentis,
614 3032 664 3063 sic
679 3031 740 3062 filii
754 3030 948 3071 pueritiae:
975 3031 1100 3062 beatus
1114 3030 1169 3062 vir
1181 3030 1241 3072 qui
1254 3030 1415 3071 implevit
1427 3030 1630 3071 pharetram
1643 3037 1748 3061 suam
