2008 3360
263 220 348 265 770
678 219 1010 262 APOCALvPffls
1024 220 1339 279 XEXPLICJATA.

262 335 373 377 haec
399 335 442 376 in
469 334 733 389 prophetico
755 319 932 375 Israelis
955 334 1094 388 patris
1117 334 1172 376 de
1191 334 1410 388 Jehudah,
1434 349 1512 390 per
1534 349 1666 390 quem
1691 336 1751 384 ibi

264 412 354 441 non
379 398 645 451 intelligitur
668 398 887 451 jehudah,
911 397 990 438 sed
1018 397 1236 438 Dominus
1262 399 1408 452 quoad
1434 412 1623 452 regnum
1649 412 1750 440 cae-

263 460 378 503 leste
395 475 404 511 ;
437 467 482 502 et
498 474 575 514 per
591 464 615 481 “
629 461 778 501 vinum
791 460 810 475 '⁷
824 474 875 501 ac
894 474 971 513 per
988 461 1288 513 “sanguinem
1306 475 1489 502 uvarum
1502 461 1520 476 ’¹
1537 461 1749 515 intelligi-

262 527 336 562 tur
353 521 568 562 Divinum
586 520 773 561 Verum.
818 530 919 570 (Quid
935 531 1056 568 reliqua
1070 531 1257 570 significant,
1269 535 1301 561 et
1315 533 1404 570 quod
1419 529 1556 562 “vinum
1569 533 1585 542 ''
1599 533 1752 570 significet

263 578 415 609 Divinum
435 580 565 614 Verum,
581 580 655 617 quia
677 580 716 608 de
740 580 890 614 Domino,
905 579 1050 608 videatur
1069 579 1101 608 in
1122 579 1263 609 Ananis
1287 580 1483 615 Caelestibus,
1499 590 1530 611 n.
1545 581 1750 618 6375-6381.)

263 624 399 679 Apud
425 626 631 674 eundem,

334 713 445 756 Jacob
458 714 575 746 attulit
594 714 694 745 Isaeo
712 714 801 754 patri
815 714 858 745 de
872 713 1064 745 venatione
1077 723 1152 752 sua,
1169 714 1238 746 “et
1253 714 1336 751 edit,
1352 720 1387 746 et
1403 714 1549 746 adduxit
1566 714 1615 746 illi
1629 714 1750 746 vinum

435 764 470 789 et
486 758 574 789 bibit
588 757 617 795 ;''
641 768 681 788 ac
701 758 777 788 Isac
801 757 981 788 benedixit
1005 757 1066 795 illi.
1086 757 1220 794 dicens,
1243 759 1265 772 ‘⁴
1278 757 1386 789 Dabit
1409 758 1473 789 tibi
1499 758 1595 790 Deus
1613 758 1656 789 de
1673 768 1752 789 rore

436 801 533 839 caeli,
546 807 581 833 et
591 801 634 832 de
646 801 919 841 pinguedinibus
931 806 1056 839 terrae,
1070 806 1105 832 et
1117 801 1378 833 multitudinem
1389 801 1558 833 frumenti
1570 807 1605 833 et
1616 802 1723 833 musti
1733 800 1752 813 ''

436 845 533 885 (Gen.
547 845 654 876 xxvii.
669 853 721 883 25,
737 852 788 883 27,
804 845 856 882 28,
871 844 945 884 37):

263 934 336 988 qui
355 947 443 974 non
459 934 604 974 sciunt
623 933 740 986 quod
757 932 957 973 Verbum
976 933 1018 972 in
1037 931 1222 986 singulis
1237 933 1293 974 sit
1311 932 1553 987 spirituale,
1569 933 1751 974 credere

263 1003 451 1050 possunt
477 996 596 1050 quod
628 1010 704 1049 per
732 995 977 1036 “Isaeum’'
1002 995 1071 1036 hic
1099 994 1378 1048 intelligatur
1405 995 1569 1044 Issicus,
1597 1002 1642 1036 et
1675 1009 1752 1050 per

264 1063 288 1079 “
303 1059 549 1112 Jacobum”
565 1059 772 1112 Jacobus‚
792 1072 842 1098 ac
861 1058 964 1099 inde
982 1058 1101 1112 quod
1119 1071 1196 1111 per
1215 1058 1548 1112 “pinguedines
1567 1058 1751 1107 terrae,‘’

262 1128 307 1162 et
335 1135 411 1176 per
435 1122 740 1163 “frumentum
767 1128 813 1162 et
840 1127 1036 1172 mustum
1049 1120 1068 1135 ”
1090 1134 1179 1161 non
1206 1120 1292 1161 alia
1314 1135 1427 1175 quae
1453 1121 1637 1161 altiora:
1671 1121 1750 1162 sed

263 1198 340 1238 per
366 1185 540 1225 Isaeum
566 1185 624 1224 ibi
651 1184 1072 1238 repraesentabatur
1098 1183 1332 1232 Dominus,
1360 1190 1406 1224 et
1432 1197 1510 1237 per
1533 1183 1749 1236 Jacobum

262 1246 476 1297 ecclesia;
510 1247 611 1303 inde
635 1261 711 1300 per
730 1246 1062 1301 “pinguedines
1084 1252 1229 1287 terrae
1240 1245 1259 1261 '’
1277 1245 1490 1287 caelestia
1511 1260 1625 1300 quae
1647 1252 1750 1287 sunt

260 1310 366 1351 boni
384 1311 559 1358 amoris,
580 1317 624 1351 et
648 1324 724 1364 per
744 1310 1051 1350 “frumentum
1070 1315 1115 1350 et
1139 1308 1364 1350 mustum'’
1383 1322 1515 1350 omne
1533 1308 1753 1350 eeclesiae

261 1372 430 1412 bonum
449 1377 494 1412 et
512 1384 681 1411 Verum.
726 1382 804 1417 (Sed
817 1381 911 1410 etiam
923 1381 1003 1410 haec
1015 1381 1182 1410 videantur
1193 1380 1350 1418 explicata
1361 1380 1393 1409 in
1405 1380 1542 1409 Arcanis
1558 1380 1750 1414 Caelestibus,

261 1448 291 1469 n.
308 1447 397 1477 3570,
413 1447 502 1477 3579,
518 1439 622 1478 3580.)
680 1428 819 1481 Apud
845 1428 1056 1476 eundem,

329 1517 350 1531 “
363 1516 398 1548 Si
414 1516 618 1548 audiveritis
640 1521 826 1556 praecepta
843 1525 923 1547 mea
927 1539 1018 1553 .....
1026 1515 1119 1547 dabo
1139 1514 1295 1556 pluviam
1316 1520 1431 1546 terrae
1448 1514 1588 1546 vestrae
1607 1514 1644 1547 in
1663 1519 1751 1546 tem-

434 1569 519 1600 pore
539 1569 603 1590 suo
620 1559 869 1599 tempestivam
887 1566 922 1590 et
939 1559 1132 1590 serotinam
1152 1568 1158 1594 ;
1183 1565 1218 1590 et
1234 1558 1379 1598 colliges
1399 1557 1616 1589 frumentum
1636 1563 1747 1596 tuum,
1770 1585 1773 1587 .

433 1611 468 1635 et
485 1610 640 1634 mustum
658 1609 768 1640 tuum,
788 1609 823 1635 et
839 1603 958 1634 oleum
976 1609 1075 1638 tuum
1087 1601 1104 1613 '’
1121 1602 1257 1642 (Deutr.
1281 1607 1321 1638 xi,
1339 1610 1388 1641 13,
1408 1603 1479 1642 14):

259 1691 344 1743 hae
381 1697 526 1733 terrae
562 1689 897 1732 benedietiones
934 1690 1179 1744 promissae
1215 1695 1320 1730 sunt
1357 1688 1454 1730 filiis
1492 1688 1681 1738 Israelis,
1714 1689 1750 1730 si

259 1755 534 1801 audivissent
557 1760 602 1794 et
625 1754 834 1794 fecissent
857 1759 1098 1807 praecepta
1117 1752 1330 1806 Jehovae‚
1351 1766 1459 1807 quas
1482 1753 1617 1793 etiam
1641 1765 1748 1793 con-

259 1818 401 1866 secuti
418 1823 535 1865 sunt,
555 1830 613 1857 ex
632 1830 765 1856 causa
782 1816 884 1870 quia
900 1816 1017 1869 apud
1040 1815 1140 1856 illos
1158 1815 1348 1856 ecclesia
1365 1815 1750 1868 repraesentativa

259 1886 370 1928 erat,
397 1886 443 1920 et
469 1893 582 1933 quae
609 1877 727 1919 diota
753 1885 798 1919 et
826 1878 1041 1919 mandata
1069 1884 1172 1918 sunt
1203 1891 1229 1918 a
1252 1877 1456 1930 Jehovah
1484 1890 1747 1931 correspon-

259 1942 428 1991 debant
455 1941 768 1995 spiritualibus,
796 1942 859 1981 ita
887 1941 972 1981 hae
998 1947 1143 1981 terrae
1169 1938 1506 1981 benedietiones
1537 1940 1748 1981 benedie-

259 2005 453 2046 tionibus
486 2004 609 2045 caeli.
683 2002 1029 2045 Benediffiones
1063 2002 1174 2044 caeli
1205 2002 1362 2057 quibus
1395 2002 1748 2056 correspondent

258 2066 595 2109 benedietiones
625 2073 784 2115 terrae,
813 2080 860 2107 se
892 2066 1086 2107 referunt
1119 2079 1275 2106 omnes
1307 2065 1364 2106 ad
1394 2065 1471 2121 ‚il-la
1502 2079 1614 2120 quae
1645 2072 1748 2106 sunt

258 2130 363 2171 boni
385 2130 548 2170 amoris
571 2136 616 2170 et
638 2130 728 2170 veri
753 2128 854 2170 fidei
872 2143 881 2180 ;
914 2142 1049 2184 quare
1071 2142 1149 2182 per
1173 2127 1406 2182 “pluviam
1430 2128 1746 2181 tempestivam

258 2199 304 2233 et
341 2193 587 2233 serotinam
602 2192 620 2207 ”
657 2191 964 2244 significantur
999 2191 1084 2232 hae
1120 2188 1486 2241 benedietiones3
1530 2203 1633 2230 nam
1671 2203 1748 2243 per

260 2254 494 2308 “pluviam
507 2254 526 2270 '’
557 2255 600 2295 in
633 2255 780 2308 specie
812 2253 1087 2307 significatur
1119 2253 1328 2294 Divinum
1359 2252 1530 2293 Verum
1562 2252 1747 2307 influens

259 2333 284 2359 e
310 2317 450 2364 caelo,
478 2331 536 2357 ex
564 2331 651 2370 quo
678 2323 934 2365 nascuntur,
962 2322 1168 2357 crescunt
1195 2321 1240 2356 et
1267 2312 1572 2369 producuntur
1597 2315 1747 2355 omnia

258 2379 475 2422 ecclesiae
501 2385 546 2420 et
580 2379 690 2419 caeli
722 2379 839 2432 apud
871 2379 1125 2428 hominem;
1158 2391 1292 2432 quare
1318 2391 1396 2430 per
1424 2377 1744 2425 “frumentum,

258 2449 453 2495 mustum
472 2448 516 2482 et
535 2441 683 2482 oleum
696 2441 715 2455 ”
730 2455 842 2494 quae
860 2436 1091 2493 colligent,
1107 2439 1414 2493 significantur
1429 2453 1562 2480 omne
1579 2439 1746 2480 bonum

258 2499 304 2547 et
331 2517 482 2546 verum
508 2504 686 2545 externi
712 2510 757 2544 et
783 2504 946 2544 interni
972 2503 1177 2543 hominis.
1238 2501 1374 2556 Apud
1401 2501 1607 2550 eundem,

327 2600 416 2632 “Ita
426 2600 598 2631 habitavit
610 2599 719 2631 Israel
733 2609 866 2637 secure,
881 2599 1060 2632 solitarius
1072 2599 1116 2630 ad
1128 2598 1264 2630 fontem
1270 2598 1411 2654 Jacobi,
1426 2598 1460 2630 in
1474 2605 1567 2631 terra
1577 2598 1747 2638 frumenti

431 2650 466 2675 et
482 2644 599 2681 musti,
619 2643 725 2674 etiam
743 2643 830 2674 caeli
847 2642 924 2683 ejus
942 2643 1125 2674 stillabant
1141 2641 1277 2683 rorem’
1281 2641 1440 2682 '.(Deutr
1457 2642 1577 2674 xxxiii.
1593 2642 1666 2686 28):

258 2732 370 2773 haec
395 2737 491 2772 erat
517 2729 714 2776 clausula
738 2728 1101 2780 benedietionum
1127 2729 1314 2777 filiorum
1341 2729 1518 2770 Israelis
1544 2743 1570 2770 a
1601 2729 1744 2778 Mose,

222 2796 224 2798 ’
258 2795 332 2835 ubi
363 2793 626 2848 prophetica
650 2793 812 2841 omnia,
840 2798 886 2833 et
918 2783 1360 2846 perunumquemvis
1391 2791 1528 2832 filium
1560 2806 1636 2833 seu
1667 2805 1745 2845 per

260 2856 598 2910 unamquamvis
630 2855 793 2895 tribum
826 2854 1002 2895 Israelis
1034 2854 1307 2908 significatur
1331 2854 1496 2908 aliquid
1529 2855 1744 2897 ecclesiae
