2008 3360
297 338 381 381 688
712 347 1045 381 APOCALYPSIS
1076 348 1376 382 EXPLICATA.

380 459 592 514 357[a].
639 460 773 513 Quod
808 464 976 501 “arcus
989 459 1009 474 ”
1035 459 1262 512 significet
1295 460 1549 503 doctrinam
1580 476 1788 516 pugnan-

301 528 409 570 tem,
438 536 514 562 seu
541 520 790 562 doctrinam
818 536 875 562 ex
899 535 985 574 qua
1012 528 1236 575 pugnatur
1261 530 1420 565 contra
1450 523 1567 564 mala
1593 531 1639 565 et
1664 524 1789 570 salsa.

302 592 348 627 et
370 585 489 639 quod
512 584 786 637 “sagittae,’'
806 584 1015 637 “jacula”
1036 591 1081 625 et
1106 585 1265 626 “tela'’
1282 585 1533 639 significent
1555 600 1660 627 vera
1682 586 1789 627 doc·

302 648 446 689 trinae
483 661 595 701 quae
636 654 854 700 pugnant,
894 654 1103 688 constare
1140 655 1293 701 potest
1333 662 1359 690 a
1397 649 1685 702 sequentibus
1723 648 1791 689 his

304 710 414 752 locis
431 709 639 763 :—Apud
667 709 948 758 Samariam,

374 806 396 820 ‘⁴
409 804 622 836 Exscindam
636 815 774 836 currum
790 815 833 835 ex
849 804 1053 844 Ephraimo,
1070 811 1105 836 et
1122 814 1249 846 equum
1263 815 1308 837 ex
1322 805 1588 846 Hierosolyma.
1605 811 1640 837 et
1656 805 1793 837 exscin-

478 849 580 880 detur
595 858 697 879 arcus
715 849 808 885 belli,
825 855 949 879 contra
966 848 1128 889 loquetur
1145 859 1267 889 pacem
1285 849 1450 889 gentibus
1455 874 1546 881 .....
1557 848 1791 880 Revertimini

479 893 524 924 ad
543 893 814 929 munimentum,
832 890 940 922 vineti
958 892 1064 932 spei„
1080 916 1087 924 .
1101 917 1108 924 .
1123 898 1173 924 .et
1190 893 1332 924 tendam
1353 892 1440 923 Mihi
1457 892 1642 934 Jehudam,
1659 899 1694 923 et
1710 901 1793 923 arcu

481 936 637 976 implebo
654 935 894 976 Ephraimum,
911 942 946 966 et
959 935 1121 966 excitabo
1135 935 1225 967 filios
1239 943 1329 973 tuos,
1343 936 1429 967 Zion
1436 960 1527 971 .....
1536 945 1617 967 nam
1632 935 1793 977 Jehovah

481 988 587 1019 super
603 979 644 1010 iis
662 979 855 1019 apparebit,
873 985 907 1009 et
924 978 1033 1010 exibit
1049 979 1140 1010 sicut
1156 979 1274 1019 fulgur
1291 979 1398 1011 telum
1419 979 1547 1020 Ipsius,
1563 986 1599 1010 et
1618 978 1794 1010 Dominus

481 1022 633 1064 Jehovih
659 1023 806 1053 buccina
822 1022 973 1062 clanget,
994 1029 1029 1053 et
1054 1022 1193 1054 incedet
1217 1023 1252 1054 in
1274 1023 1436 1064 procellis
1462 1022 1649 1054 meridiei”
1663 1022 1722 1062 (ix.
1740 1030 1791 1060 10,

483 1068 619 1105 12-14):

307 1161 455 1214 agitur
485 1161 543 1201 ibi
575 1160 631 1201 de
662 1160 917 1200 vastatione
950 1159 1185 1202 Ecclesiae
1213 1161 1426 1214 Judaicae
1457 1167 1503 1202 et
1535 1161 1591 1202 de
1623 1161 1794 1202 instau-

308 1224 483 1265 ratione
502 1222 732 1264 Ecclesiae
755 1223 871 1276 apud
893 1223 1090 1264 Gentes:
1119 1224 1314 1264 vastatio
1337 1223 1568 1264 Ecclesiae
1585 1223 1796 1276 Judaicae

310 1286 575 1327 describitur
593 1300 669 1339 per
690 1290 713 1305 “
728 1285 1007 1326 Exscindam
1027 1299 1198 1327 currum
1218 1300 1275 1327 ex
1294 1286 1553 1340 Ephraimo,
1569 1293 1614 1326 et
1633 1298 1796 1339 equum

310 1363 369 1389 ex
398 1349 729 1401 Hierosolyma,
754 1356 799 1388 et
826 1349 1118 1389 exscindetur
1142 1363 1270 1390 arcus
1296 1349 1440 1398 belli‚’'
1463 1362 1540 1402 per
1565 1362 1678 1402 quae
1704 1349 1795 1401 sig-

311 1410 514 1452 nificatur
527 1412 645 1464 quod
666 1425 754 1451 non
771 1425 922 1451 verum
941 1412 983 1451 in
999 1409 1202 1452 doctrina
1219 1411 1421 1465 amplius,
1439 1425 1520 1452 nec
1539 1409 1795 1452 intellectus

311 1474 416 1521 veri,
445 1480 490 1514 et
522 1474 624 1514 inde
658 1487 744 1513 non
774 1487 924 1527 pugna
949 1481 995 1515 et
1027 1475 1282 1515 resistentia
1313 1480 1472 1514 contra
1497 1474 1682 1523 falsum;
1719 1487 1798 1526 per

313 1539 338 1556 “
352 1549 525 1576 currum
541 1536 558 1551 ”
573 1536 846 1589 significatur
861 1535 1065 1578 doctrina
1078 1538 1183 1585 veri,
1199 1551 1277 1590 per
1293 1540 1317 1557 ‘⁴
1331 1550 1492 1590 equum
1506 1536 1524 1551 ”
1541 1534 1798 1577 intelle&us

310 1598 416 1651 ejus,
450 1613 527 1652 per
556 1603 742 1640 “arcum
776 1599 912 1640 belli’'
944 1613 1095 1653 pugna
1126 1607 1284 1640 contra
1315 1599 1472 1640 salsum
1505 1614 1563 1640 ex
1596 1597 1800 1640 doc‘trina

315 1660 362 1715 (“
375 1675 501 1702 arcus
520 1662 624 1702 belli
637 1662 655 1676 '’
671 1662 830 1703 dicitur
844 1663 946 1716 quia
963 1662 1229 1716 intelligitur
1243 1661 1446 1703 doctrina
1464 1661 1705 1716 pugnans),
1721 1675 1799 1715 per

314 1723 673 1777 “Ephraimum’'
696 1724 972 1777 significatur
997 1725 1187 1766 ecclesia
1212 1726 1359 1779 quoad
1386 1723 1665 1766 intelle<stum
1692 1725 1798 1773 veri,

313 1793 358 1828 et
373 1801 450 1840 per
463 1791 488 1807 “
503 1787 865 1840 Hierosolymam
878 1788 1055 1842 ”quoad
1071 1786 1320 1829 doctrinam
1338 1801 1346 1828 :
1371 1795 1416 1829 et
1431 1788 1696 1828 instauratio
1710 1787 1798 1828 Ec-

313 1849 474 1890 clesiae
496 1851 611 1903 apud
637 1850 807 1891 Gentes
830 1851 1094 1892 describitur
1116 1864 1193 1904 per
1218 1851 1343 1898 haec,
1366 1850 1573 1892 “Contra
1595 1850 1801 1904 loquetur

313 1925 471 1966 pacem
490 1914 699 1965 gentibus
718 1928 725 1962 ;
756 1915 1027 1955 revertimini
1045 1914 1101 1955 ad
1120 1911 1608 1960 munimentum,vinc‘ti
1627 1913 1734 1966 spei,
1754 1918 1800 1954 et

314 1976 499 2028 tendam
538 1976 647 2016 Mihi
685 1977 920 2028 Jehudam,
959 1984 1004 2018 et
1042 1991 1146 2018 arcu
1182 1977 1379 2030 implebo
1416 1976 1722 2030 Ephraimum,
1754 1982 1801 2017 et

314 2039 528 2078 excitabo
542 2037 654 2079 filios
674 2046 788 2086 tuos,
807 2039 956 2087 Zion‚’‘
970 2054 1048 2093 per
1061 2053 1174 2093 quae
1189 2038 1464 2092 significatur
1478 2039 1596 2092 quod
1613 2038 1802 2079 ecclesia

314 2101 604 2141 instauranda
630 2102 685 2142 sit
712 2103 828 2155 apud
855 2102 955 2142 illos
982 2103 1055 2156 qui
1084 2103 1127 2142 in
1153 2102 1274 2142 bono
1299 2103 1462 2142 amoris
1488 2103 1531 2142 in
1559 2101 1801 2141 Dominum

316 2170 433 2212 sunt,
458 2170 503 2204 et
530 2164 633 2204 inde
660 2165 702 2204 in
726 2166 866 2214 veris;
900 2179 977 2218 per
1004 2164 1231 2218 “pacem’'
1254 2164 1528 2217 significatur
1550 2164 1593 2204 id
1620 2164 1800 2210 bonum,

316 2239 393 2279 per
410 2226 655 2279 “Jehudam
669 2227 687 2241 ”
702 2227 763 2267 illi
781 2229 852 2280 qui
871 2229 912 2267 in
931 2228 1008 2268 illo
1026 2229 1144 2268 bono
1159 2234 1277 2274 sunt,
1293 2234 1338 2267 et
1357 2241 1434 2280 per
1451 2226 1772 2279 “Ephraimum
1784 2224 1803 2240 ”

316 2288 378 2328 illi
404 2290 476 2342 qui
507 2289 610 2330 inde
641 2291 682 2329 in
716 2289 949 2331 intelle&u
975 2291 1091 2341 veri;
1129 2304 1263 2343 quare
1290 2290 1451 2330 dicitur
1477 2290 1531 2329 de
1558 2288 1803 2342 Ephraimo

317 2353 435 2406 quod
453 2356 477 2372 “
490 2367 594 2393 arcu
609 2353 810 2406 implebit
829 2354 990 2402 illum,'’
1005 2355 1088 2395 hoc
1104 2361 1187 2402 est,
1204 2351 1408 2394 doc'tri'na
1421 2354 1536 2393 veri:
1564 2352 1804 2392 illustratio

317 2415 492 2455 illorum
519 2416 562 2456 in
590 2418 704 2456 veris
737 2417 1002 2458 describitur
1028 2431 1105 2471 per
1137 2417 1261 2465 haec,
1292 2416 1489 2456 “Exibit
1521 2417 1634 2456 sicut
1659 2414 1805 2467 fulgur

318 2478 458 2518 telum
475 2478 632 2531 Ipsius,
646 2486 691 2519 et
708 2479 928 2520 Dominus
941 2480 1131 2533 Jehovih
1146 2479 1332 2520 buccina
1348 2478 1544 2530 clanget,
1557 2490 1607 2517 ac
1624 2476 1804 2516 incedet

318 2541 362 2581 in
389 2541 596 2594 procellis
623 2543 819 2582 meridiei
838 2543 869 2592 ;”
904 2543 1082 2584 “telum
1096 2542 1114 2557 ''
1138 2542 1258 2596 quod
1286 2542 1436 2581 “sicut
1463 2540 1608 2592 fulgur
1633 2538 1805 2580 exibit”

319 2604 540 2657 significat
576 2618 728 2644 verum
761 2605 1047 2653 illustratum,
1083 2606 1145 2646 ita
1177 2617 1330 2645 verum
1366 2617 1425 2644 ex
1462 2603 1583 2643 bono
1616 2602 1776 2642 amoris
1794 2615 1813 2652 ;.

322 2668 547 2707 “buccina
578 2667 792 2720 clanget”
823 2668 1048 2721 significat
1086 2668 1420 2721 perceptionem
1457 2666 1562 2706 boni
1598 2664 1804 2705 manifes-

321 2736 441 2779 tam;
480 2736 525 2770 et
559 2730 822 2782 “procellae
854 2731 1052 2771 meridiei
1065 2730 1083 2745 ”
1115 2729 1369 2782 significant
1404 2725 1682 2768 intellectum
1713 2726 1805 2767 veri

322 2792 632 2842 manifestum;
669 2792 942 2833 “meridies’'
964 2801 1034 2834 est
1061 2793 1139 2834 lux
1166 2792 1281 2833 veri:
1315 2791 1461 2844 agitur
1482 2790 1541 2830 ibi
1567 2789 1623 2829 de
1650 2789 1804 2829 Domi-

322 2867 394 2903 no,
421 2855 484 2894 ita
509 2855 628 2907 quod
655 2855 730 2895 illa
755 2869 781 2895 a
808 2855 1016 2896 Domino.
1077 2855 1214 2909 Apud
1239 2853 1407 2901 Mosen,

390 2954 412 2966 ‘⁴
425 2952 532 2984 Filius
552 2952 724 2983 fecundae
741 2951 929 2994 josephus,
950 2952 1043 2984 filius
1060 2952 1233 2983 fecundae
1252 2950 1352 2992 juxta
1368 2950 1527 2987 fontem;
1553 2948 1655 2985 filiae,
1676 2947 1807 2979 incedit

495 3005 601 3036 super
612 3005 750 3027 murum
765 3005 772 3034 ;
789 2997 1051 3027 exacerbabunt
1062 3005 1154 3034 eum,
1168 3002 1203 3027 et
1214 2994 1471 3035 jaculabuntur,
1486 2999 1521 3024 et
1531 2992 1614 3023 odio
1625 2992 1806 3022 habebunt
