2008 3360
328 381 414 436 690
741 386 1073 428 APOCALYPffls
1104 385 1402 425 ΕΧΡῌΕΑΤΑ.

326 503 463 545 filium
494 503 612 556 regis
644 502 918 556 significatur
942 513 1095 541 verum
1127 498 1382 550 doctrinam
1423 514 1558 554 quare
1588 500 1810 554 inscripsit

327 566 713 614 lamentationem,
740 565 852 605 “Ad
879 563 1133 605 docendum
1155 562 1269 604 filios
1293 563 1491 616 Jehudae
1517 563 1707 613 arcum,''
1732 577 1811 617 per

328 630 446 682 quod
468 628 741 682 significatur
759 628 814 668 ad
837 627 1090 667 docendum
1113 625 1214 666 illos
1232 624 1478 667 doetrinam
1496 627 1587 667 veri
1609 627 1727 680 quod
1750 641 1809 668 ex

328 692 462 732 bono.
531 691 685 744 Pugna
715 690 831 731 illius
863 690 952 730 veri
985 695 1145 735 contr—a
1174 687 1285 729 salsa
1315 694 1365 729 ret
1397 687 1516 733 mala
1545 689 1810 731 describitur

325 753 369 794 in
395 753 719 794 lamentatione
744 752 819 792 illa
845 765 922 805 per
946 751 1056 792 haec
1083 750 1234 800 verba,

392 847 510 880 “Sine
526 848 699 889 sanguine
715 847 976 884 confossorum,
995 845 1073 877 sine
1089 845 1192 886 adipe
1208 845 1363 884 fortium,
1382 855 1485 877 arcus
1500 845 1714 887 Jonathanis
1733 855 1807 878 non

484 892 644 924 ,recessit
653 898 857 928 retrorsum,
877 896 912 921 et
927 890 1066 930 gladius
1083 889 1198 921 Saulis
1217 899 1290 921 non
1310 889 1413 921 rediit
1432 889 1586 922 inaniter
1597 889 1614 901 ”
1630 889 1736 930 (vere.
1752 898 1805 928 22,

493 934 578 975 ,ibi):

327 1029 547 1082 “sanguis
578 1027 914 1070 confossorum''
945 1026 1167 1080 significat
1198 1026 1309 1068 falsa
1338 1025 1457 1068 νὶξὶει
1492 1033 1538 1068 et
1575 1028 1806 1081 dissipata,

327 1092 506 1145 “adeps
528 1091 736 1132 fortium”
762 1090 984 1144 significat
1011 1090 1129 1131 mala
1153 1089 1380 1140 similiter;
1412 1091 1530 1144 quod
1554 1090 1664 1131 haec
1687 1088 1807 1131 victa

326 1161 372 1195 et
388 1154 603 1207 dissipata
617 1155 705 1194 sint
721 1167 798 1206 per
812 1151 1060 1193 doctrinam
1075 1153 1166 1193 veri
1180 1153 1298 1206 quod
1313 1166 1371 1193 ex
1387 1153 1520 1201 bono,
1533 1151 1808 1205 significatur

325 1230 403 1270 per
413 1217 532 1270 quod
549 1220 705 1257 “arcus
717 1216 983 1268 Jonathanis
999 1228 1087 1256 non
1101 1215 1285 1256 recessit
1300 1222 1555 1264 retrorsum,
1571 1223 1615 1255 et
1631 1215 1807 1268 gladius

328 1278 472 1319 Saulis
490 1292 579 1319 non
594 1279 723 1319 rediit
742 1279 932 1319 inaniter
948 1278 982 1329 ;''
1010 1282 1035 1298 ‘⁴
1049 1291 1175 1319 arcus
1187 1277 1484 1330 Jonathanis”
1500 1285 1570 1318 est
1588 1276 1805 1326 doctrina,

325 1348 371 1382 et
400 1341 614 1395 “gladius
642 1340 785 1382 Saulis
798 1341 816 1355 ''
842 1348 910 1381 est
933 1354 1087 1381 verum
1112 1354 1171 1381 ex
1197 1341 1328 1382 bono.
1389 1340 1525 1394 Apud
1550 1341 1783 1390 Davidem,

394 1438 415 1451 ‘⁴
426 1436 539 1469 Deus.
553 1461 560 1468 .
575 1461 583 1469 .
597 1437 715 1469 ‚docet
738 1447 865 1469 manus
882 1446 979 1468 meas
1003 1436 1147 1474 bellum,
1166 1442 1201 1468 et
1224 1436 1324 1478 ponit
1350 1445 1470 1468 arcum
1487 1446 1637 1468 aeneum
1654 1436 1807 1469 brachiis

498 1480 586 1511 meis
597 1480 615 1492 ''
632 1481 705 1520 (Ps.
719 1481 814 1512 xviii.
832 1478 921 1522 [33‚]
933 1488 972 1519 35
993 1478 1053 1522 [B.
1066 1481 1112 1512 A.
1127 1486 1181 1519 32,
1194 1477 1285 1521 34]):

324 1587 402 1628 per
421 1578 446 1594 “
459 1574 624 1615 bellum
638 1575 656 1590 ”
681 1576 738 1616 ibi
751 1574 1026 1628 significatur
1043 1574 1208 1616 bellum
1227 1574 1270 1616 in
1289 1574 1504 1627 spirituali
1522 1588 1669 1624 sensu,
1685 1573 1805 1628 quod

325 1644 394 1678 est
417 1644 575 1678 contra
597 1637 714 1678 mala
735 1646 780 1679 et
799 1638 937 1688 falsa3
968 1638 1053 1678 hoc
1071 1637 1236 1678 bellum
1262 1638 1435 1677 “docet
1458 1637 1580 1678 Deus
1596 1637 1629 1677 :''
1660 1644 1707 1678 et
1728 1650 1806 1690 per

326 1703 350 1719 “
366 1713 518 1740 arcum
561 1714 747 1740 aeneum
762 1700 780 1716 ”
826 1700 1101 1756 significatur
1143 1698 1345 1741 doftrina
1387 1700 1644 1750 charitatis;
1689 1699 1804 1741 hanc

326 1765 350 1782 ‘⁸
364 1762 486 1803 Deus
498 1764 622 1816 ponit
636 1763 863 1812 brachiis,”
876 1764 960 1805 hoc
976 1770 1060 1813 est,
1073 1763 1150 1804 dat
1164 1769 1213 1804 ut
1226 1762 1391 1803 valea-t.
1453 1762 1589 1816 Apud
1601 1762 1803 1812 Esaiam,

391 1856 512 1898 “Quis
536 1858 701 1889 excitavit
724 1859 768 1889 ab
791 1859 938 1896 oriente,
958 1868 1061 1900 quem
1086 1858 1122 1890 in
1145 1857 1282 1898 justitia
1297 1857 1438 1889 vocavit
1461 1857 1506 1889 ad
1529 1857 1711 1898 sequelam
1735 1856 1802 1895 sui,

494 1901 591 1932 dedit
606 1911 724 1932 coram
745 1902 827 1942 lpso
844 1909 980 1942 gentes,
1000 1909 1035 1933 et
1051 1902 1192 1942 regibus
1208 1901 1382 1932 dominari
1400 1901 1495 1939 fecit,
1510 1901 1607 1932 dedit
1623 1900 1712 1932 sicut
1728 1899 1806 1941 pul-

494 1954 613 1977 verem
630 1946 748 1984 gladio
765 1956 840 1983 suo,
861 1952 896 1977 et
912 1946 1001 1977 sicut
1017 1945 1184 1986 stipulam
1200 1945 1390 1986 impulsam
1407 1954 1490 1976 arcu
1506 1954 1571 1976 suo
1580 1943 1614 1977 ?”
1631 1944 1705 1985 (xli.
1720 1951 1739 1975 2
1753 1943 1776 1985 z)

320 2045 430 2086 haec
457 2045 513 2086 de
540 2046 748 2095 Domino,
773 2054 818 2088 et
845 2047 900 2088 de
927 2048 1067 2101 Ipsius
1089 2047 1286 2088 dominio
1307 2060 1437 2100 super
1459 2046 1578 2087 mala
1602 2052 1648 2087 et
1674 2045 1801 2095 falsa,

321 2106 440 2148 di&a
454 2115 556 2149 sunt
575 2123 583 2159 ;
616 2123 693 2162 per
709 2105 908 2162 “gentes
921 2110 939 2125 ’'
953 2124 1061 2164 quas
1075 2109 1198 2150 dedit
1213 2122 1362 2150 coram
1381 2109 1485 2162 Ipso
1499 2108 1805 2161 significantur

321 2170 452 2218 mala,
486 2177 531 2211 et
569 2185 645 2224 per
679 2172 876 2225 “reges‘'
907 2173 1066 2231 quibus
1101 2172 1317 2213 dominari
1353 2171 1457 2211 fecit
1494 2170 1803 2224 significantur

320 2232 456 2282 salsa3
495 2233 614 2286 quod
645 2233 754 2274 haee
781 2242 826 2275 et
852 2235 928 2275 illa
959 2249 1036 2288 per
1064 2234 1272 2276 Divinum
1299 2247 1425 2274 suum
1451 2233 1620 2273 Verum
1647 2240 1693 2274 et
1725 2247 1804 2287 per

323 2293 573 2335 doctrinam
599 2297 701 2336 inde
723 2298 836 2337 sicut
860 2298 982 2338 nihili
1005 2298 1202 2351 dissipet,
1226 2295 1500 2349 significatur
1523 2309 1600 2349 per
1625 2295 1802 2336 “Dedit

320 2359 434 2398 sicut
457 2358 685 2411 pulverem
707 2359 859 2411 gladio
881 2374 975 2409 suo,
999 2366 1045 2400 et
1067 2360 1181 2400 sicut
1203 2358 1418 2412 stipulam
1440 2358 1675 2411 impulsam
1698 2371 1802 2398 arcu

319 2433 400 2460 suo
416 2420 449 2470 ;''
483 2420 694 2473 “gladius
716 2422 847 2462 suus”
869 2429 938 2463 est
965 2422 1175 2463 Divinum
1197 2420 1381 2469 Verum,
1406 2427 1451 2461 et
1476 2424 1644 2460 “arcus
1668 2419 1803 2460 suus”
1854 2430 1858 2434 ’

319 2489 389 2523 est
416 2481 657 2533 Do6trina;
690 2484 808 2537 quod
835 2484 952 2528 mala
977 2492 1023 2525 et
1048 2483 1159 2526 salsa
1183 2483 1498 2536 dispergantur
1523 2482 1637 2523 sicut
1659 2481 1800 2531 nihili,

320 2545 595 2598 significatur
620 2560 698 2599 per
725 2548 875 2587 “sicut
907 2547 1149 2600 pulverem,
1176 2552 1222 2587 et
1252 2547 1366 2586 sicut
1398 2544 1608 2599 stipulam
1638 2545 1801 2597 impul-

320 2621 414 2647 sam
433 2607 466 2648 :”
498 2609 656 2648 dicitur
673 2610 791 2662 quod
810 2609 928 2649 mala
946 2616 992 2650 et
1010 2609 1121 2650 falsa
1141 2610 1204 2650 ita
1221 2608 1546 2661 dispergantur,
1565 2619 1616 2647 ac
1633 2607 1800 2647 intelli-

319 2671 438 2722 gitur
464 2671 582 2723 quod
608 2671 670 2711 ita
695 2671 758 2711 illi
784 2673 856 2725 qui
886 2673 930 2712 in
954 2671 1082 2713 malis
1112 2678 1158 2712 et
1183 2671 1287 2711 inde
1311 2670 1432 2712 salsis
1456 2675 1560 2710 sunt
1584 2670 1629 2710 in
1655 2668 1799 2710 altera

319 2733 425 2773 vita.
485 2732 622 2786 Apud
648 2732 927 2783 Sachariam,
1035 2728 1044 2739 ⁶

389 2831 411 2845 ‘⁸
422 2830 589 2862 Visitabit
605 2829 765 2871 Jehovah
784 2828 973 2872 [Zebaoth]
992 2841 1136 2871 gregem
1157 2839 1271 2868 suum,
1287 2829 1431 2862 domum
1448 2827 1618 2870 Jehudae,
1638 2832 1673 2859 et
1689 2832 1801 2867 ponet

492 2883 554 2905 eos
572 2874 661 2904 sicut
677 2883 804 2914 equum
821 2874 954 2914 gloriae
971 2884 1056 2906 suae
1072 2875 1108 2905 in
1125 2874 1241 2913 bello;
1264 2883 1308 2904 ex
1324 2873 1384 2904 illo
1397 2871 1588 2912 angularis,
1600 2880 1644 2902 ex
1656 2870 1717 2902 illo
1730 2870 1801 2902 cla-

491 2927 569 2955 vus,
583 2927 626 2948 ex
642 2917 702 2948 illo
719 2927 819 2948 arcus
836 2916 946 2948 belli’'
962 2917 1008 2958 (x.
1024 2918 1120 2958 3,·4):
1317 2920 1323 2927 ‘
1368 2920 1371 2922 ’

319 3009 404 3052 hoc
430 3010 706 3064 explicatum
731 3010 936 3053 videatur
950 3011 1004 3061 jn
1036 3010 1224 3065 articulo
1249 3023 1357 3055 mox
1383 3007 1696 3063 praecedente,
1723 3005 1795 3048 ubi
