2008 3360
628 385 734 417 CAP.
758 386 858 426 vn„
881 385 1020 418 VERs.
1043 385 1192 429 4.—N.
1214 375 1384 430 430[b].
1647 384 1754 430 1057

261 498 358 552 quis
384 511 474 539 non
500 504 792 552 percepturus
819 505 904 548 est,
929 499 1001 552 qui
1027 499 1113 540 scit
1138 498 1258 552 quod
1291 512 1369 552 per
1397 498 1614 539 “Novam
1642 498 1754 540 Hie-

260 560 568 614 rosolymam’'
590 561 873 614 intelligatur
898 575 1016 602 nova
1042 561 1248 610 ecclesia,
1273 561 1392 615 quod
1420 575 1498 614 per
1520 574 1754 603 numerum

262 628 287 644 “
299 624 537 665 duodecim
549 623 569 639 ’'
583 624 721 665 toties
736 625 1024 678 designatum
1039 624 1322 677 intelligatur
1336 623 1581 677 principale
1599 630 1646 664 et
1664 625 1753 678 pri-

260 688 447 728 marium
469 701 528 728 ex
548 701 636 740 quo
659 687 880 728 ecclesia?
911 701 963 728 ac
988 687 1234 741 principale
1256 694 1303 728 et
1326 688 1582 740 primarium
1605 687 1752 728 eccle-

259 750 350 791 siae
387 756 457 791 est
489 763 643 790 verum
680 764 739 790 ex
777 751 924 800 bono;
968 763 1072 790 nam
1103 763 1238 791 omne
1269 749 1490 791 ecclesiae
1526 750 1630 791 inde
1667 756 1751 799 est,

258 825 412 853 verum
428 813 547 853 enim
565 819 634 854 est
650 811 881 854 doctrinae
899 813 1006 865 ejus,
1023 826 1075 854 ac
1093 798 1261 854 bonu⁶m
1279 819 1349 853 est
1364 813 1485 853 vitae
1504 813 1751 854 secundum

257 873 535 917 dofftrinam:
570 876 674 930 quid
701 882 854 917 autem
881 890 959 930 per
986 879 1182 930 “portas
1195 876 1214 891 ”
1239 882 1286 917 et
1313 876 1418 930 quid
1449 890 1527 929 per
1555 875 1751 916 “funda-

260 945 416 979 menta
426 938 446 953 ’‘
462 939 521 979 ibi
543 938 834 992 significatur,
854 940 1028 980 dicetur
1044 940 1089 980 in
1112 938 1421 992 explicatione
1440 938 1557 979 illius
1574 939 1750 991 capitis.

258 1000 374 1054 Quia
406 1002 441 1042 is
474 1015 684 1043 numerus
715 1002 942 1055 significat
973 1003 1126 1043 omnia
1155 1008 1203 1044 et
1234 1002 1520 1056 praedicatur
1547 1002 1604 1042 de
1635 1002 1752 1042 veris

256 1078 315 1104 ex
341 1064 476 1114 bono,
502 1072 547 1106 et
577 1065 749 1106 “Nova
777 1065 1128 1118 Hierosolyma”
1154 1064 1379 1118 significat
1407 1078 1572 1105 novam
1601 1064 1751 1105 eccle-

256 1128 382 1176 siam,
402 1128 504 1169 ideo
521 1130 658 1169 etiam
679 1142 888 1170 mensura
910 1130 1046 1183 ipsius
1064 1129 1260 1170 civitatis
1283 1142 1361 1182 per
1378 1127 1571 1169 similem
1594 1141 1750 1169 nurne-

201 1242 204 1245 *
256 1203 354 1231 rum
380 1191 731 1245 multiplicatum
757 1192 1034 1245 designatur,
1063 1192 1132 1233 his
1157 1192 1320 1241 verbis,

325 1286 347 1299 “
361 1285 498 1319 Civitas
514 1286 608 1327 jacet
625 1287 933 1328 quadrangularis,
953 1297 995 1319 ac
1012 1287 1200 1327 longitudo
1217 1286 1296 1327 ejus
1312 1292 1414 1318 tanta
1430 1291 1563 1327 quanta
1579 1285 1751 1323 latitudo;

430 1335 466 1362 et
482 1340 628 1362 mensus
648 1337 702 1362 est
721 1331 902 1362 civitatem
920 1331 1060 1362 calamo
1080 1331 1117 1362 in
1138 1331 1263 1362 stadiis
1282 1331 1474 1362 duodecies
1494 1330 1612 1368 mille;
1637 1329 1752 1370 longi-

428 1374 514 1406 tudo
531 1380 567 1406 et
583 1374 733 1406 latitudo
751 1381 786 1406 et
802 1375 954 1406 altitudo
971 1374 1134 1416 aequalia
1146 1373 1163 1386 '’
1181 1373 1295 1416 (Apoc.
1312 1374 1384 1406 xxi.
1404 1373 1475 1414 16):

1742 1460 1750 1477 ³

253 1462 358 1518 quid
387 1477 466 1516 per
494 1463 905 1517 “longitudinem,”
934 1463 1260 1504 “latitudinem
1273 1462 1293 1478 '’
1318 1469 1364 1504 et
1393 1462 1738 1504 “altitudinem'

253 1527 297 1566 in
320 1539 454 1567 sensu
476 1526 694 1580 spirituali
719 1526 1012 1580 significatur,
1037 1527 1212 1568 dicetur
1233 1527 1372 1568 etiam
1395 1526 1507 1567 infra
1532 1527 1575 1566 in
1603 1526 1748 1579 expli-

253 1589 461 1639 catione;
494 1602 573 1642 per
601 1590 874 1630 “civitatem
887 1589 905 1604 ’'
931 1589 1202 1643 intelligitur
1227 1590 1271 1630 in
1303 1603 1358 1630 eo
1385 1602 1518 1630 sensu
1545 1587 1750 1630 doctrina

253 1651 486 1700 ecclesiae,
515 1658 562 1693 et
594 1665 672 1706 per
705 1651 934 1706 “[stadia]
970 1653 1214 1694 duodecies
1246 1652 1368 1693 mille
1382 1652 1401 1667 ”
1432 1652 1749 1705 intelliguntur

253 1715 404 1755 omnia
426 1714 519 1768 ejus
535 1729 642 1756 vera
664 1729 723 1756 ex
746 1715 880 1757 bono.
937 1715 1092 1757 Etiam
1114 1729 1323 1756 numerus
1344 1719 1369 1736 “
1383 1716 1620 1757 duodecim
1633 1716 1652 1731 ‘'
1669 1716 1749 1758 cle-

253 1778 457 1831 signatur
478 1778 537 1819 ibi
563 1779 619 1820 de
644 1777 857 1820 fructibus
883 1779 1093 1820 arborum
1119 1779 1238 1820 circa
1263 1778 1443 1820 fluvium
1470 1779 1539 1819 his
1561 1780 1723 1828 verbis,

321 1874 342 1887 ‘¹
354 1871 397 1904 In
411 1873 531 1904 medio
549 1873 688 1913 plateae
702 1872 782 1914 ejus
796 1879 831 1905 et
848 1873 946 1904 fluvii
963 1873 1047 1904 hinc
1064 1879 1099 1905 et
1116 1873 1213 1905 illinc
1226 1874 1334 1905 arbor
1345 1873 1442 1905 vitae
1458 1873 1595 1906 faciens
1612 1872 1748 1906 fruetus

424 1916 626 1955 duodecim,
639 1917 743 1958 juxta
756 1927 918 1948 mensem
933 1917 1095 1958 quemvis
1109 1917 1262 1949 reddens
1275 1916 1453 1949 fructum”
1466 1916 1510 1958 (A
1508 1923 1581 1959 poc.
1595 1918 1678 1950 xxii.
1695 1917 1727 1958 2)
1740 1927 1747 1954 ς

251 2004 354 2058 quia
390 2019 468 2058 per
501 2005 715 2059 “plateas
753 2005 982 2047 civitatis'’
1013 2005 1324 2059 significantur
1354 2021 1461 2048 vera
1497 2005 1744 2056 doctrinae,

195 2092 204 2103 ι
250 2081 329 2120 per
357 2067 576 2109 “fluvium
607 2069 711 2110 inde
743 2068 1021 2110 exeuntem’'
1046 2068 1366 2122 intelligentia,
1394 2083 1473 2123 per
1500 2069 1745 2110 “arborem

249 2130 371 2171 vitae
383 2130 404 2145 ”
430 2131 663 2184 perceptio
689 2132 781 2172 veri
807 2145 867 2171 ex
894 2131 1015 2172 bono
1041 2145 1067 2171 a
1093 2130 1306 2181 Domino,
1330 2145 1382 2173 ac
1410 2146 1488 2185 per
1513 2130 1746 2173 “fruetus’'

249 2193 417 2234 bonum
450 2207 509 2234 ex
541 2208 629 2248 quo
661 2208 781 2243 vera,
815 2194 919 2235 inde
951 2195 1090 2235 etiam
1122 2201 1251 2248 patet
1283 2195 1403 2249 quod
1438 2195 1734 2236 “duodecim'

249 2256 505 2309 significent
523 2271 629 2298 vera
647 2271 706 2298 ex
724 2257 859 2306 bono,
876 2271 954 2311 per
972 2271 1086 2311 quae
1104 2257 1424 2311 intelligentia,
1444 2265 1490 2299 et
1509 2273 1568 2299 ex
1586 2258 1744 2312 quibus

248 2319 455 2360 ecclesia.
517 2319 744 2372 Quoniam
777 2319 988 2361 Ecclesia
1019 2319 1432 2374 Repraesentativa
1463 2322 1744 2363 instituenda

248 2388 345 2424 erat
368 2383 487 2436 apud
518 2382 633 2424 filios
652 2383 825 2437 jacobi,
849 2383 951 2425 ideo
977 2384 1205 2438 provisum
1232 2391 1302 2426 est
1324 2399 1350 2425 a
1373 2385 1571 2426 Domino
1594 2392 1642 2428 ut
1668 2385 1744 2427 filii

248 2444 341 2499 ejus
366 2446 606 2488 duodecim
632 2453 786 2488 essent

1738 2195 1746 2211 9

370 2539 515 2580 (ὤκει,
530 2550 607 2582 cap.
620 2539 748 2574 1¹1xxix.
766 2548 871 2580 32-35
886 2550 894 2579 ;
918 2550 995 2582 cap.
1008 2538 1125 2574 [¹¹xxx.
1144 2527 1227 2582 1⁰-25
1242 2552 1249 2581 ;
1274 2552 1352 2583 cap.
1369 2553 1474 2576 xxxv.
1492 2543 1624 2585 22-26),

247 2641 296 2676 ut
333 2635 395 2676 sic
434 2648 592 2677 omnes
630 2635 762 2677 simul
799 2642 1195 2689 repraesentarent
1232 2638 1384 2678 omnia
1421 2637 1656 2687 ecclesiae,
1695 2645 1741 2680 et

246 2698 412 2752 singuli
447 2712 574 2739 suam
606 2706 811 2753 partem;
848 2699 952 2740 inde
983 2706 1055 2741 est
1086 2701 1207 2754 quod
1238 2701 1476 2742 duodecim
1509 2702 1650 2742 tribus
1682 2716 1740 2742 ex

245 2761 332 2802 illis
364 2762 627 2803 exstiterint
662 2761 835 2815 (Genes.
863 2761 976 2803 xlix.
1004 2762 1094 2816 28),
1122 2770 1169 2804 et
1198 2764 1318 2817 quod
1349 2764 1454 2805 illae
1485 2764 1740 2817 significent

246 2825 397 2866 omnia
414 2825 649 2874 ecclesiae,
670 2832 716 2867 et
734 2825 962 2879 quaelibet
980 2826 1120 2867 tribus
1138 2826 1305 2880 aliquid
1328 2828 1571 2868 essentiale
1591 2822 1739 2868 eccle-

245 2888 365 2939 siae3
397 2901 534 2941 quare
561 2889 700 2930 etiam
726 2889 770 2928 in
797 2901 914 2929 nunc
941 2890 1234 2942 sequentibus
1259 2890 1421 2930 dicitur
1443 2890 1563 2943 quod
1589 2891 1739 2930 “duo-

245 2949 392 2991 decim
425 2950 564 2991 millia
595 2957 750 2992 essent
781 2965 841 2992 ex
868 2953 1114 3005 unaquavis
1146 2953 1263 2993 tribu
1291 2953 1498 3006 signati,”
1525 2967 1603 3006 per
1627 2966 1739 3006 quos

244 3012 555 3066 significantur
577 3027 735 3055 omnes
758 3014 832 3068 qui
853 3014 897 3055 in
920 3013 998 3056 illo
1021 3015 1241 3057 ecclesiae
1263 3015 1493 3057 essentiali
1516 3022 1636 3065 sunt,
1660 3029 1738 3056 seu
