2008 3360
240 366 326 416 840
656 372 989 407 APOCALYPSIS
1021 370 1318 403 EXPLICATA.

240 487 325 516 orbis
334 486 471 522 Asiatici,
480 495 660 524 nempeper
668 486 838 524 Assyriam
850 483 1128 521 Mesopotamiam.
1137 481 1270 520 Syriam,
1280 480 1493 519 Aethiopiam,
1502 479 1663 513 Arabiam,
1675 478 1730 508 Li-

238 531 345 569 byam,
361 532 554 570 Aegyptum,
572 531 793 561 Philisthaeam
809 539 909 567 usque
923 530 965 558 ad
979 529 1101 566 Tyrum
1116 532 1147 556 et
1169 527 1331 561 Zidonem,
1345 536 1402 565 per
1416 531 1529 555 terram
1545 525 1729 555 Canaanem

239 576 284 605 cis
304 581 336 605 et
356 581 440 605 trans
461 577 646 615 Jordanem
669 576 760 605 fuerit
781 580 920 608 extensa,
935 573 1079 602 videatur
1099 574 1351 610 n.1238,2385;
1378 572 1466 609 quod
1486 570 1577 599 fuerit
1599 564 1731 598 ecclesia

238 622 511 658 repraesentativa,
533 631 563 650 n.
580 629 648 658 519,
665 628 733 657 521,
750 620 844 657 2896,
872 620 911 648 de
933 618 1066 647 ecclesia
1086 617 1127 646 ab
1150 617 1257 646 Ebero
1278 617 1425 650 instituta,
1448 625 1530 653 quae
1552 619 1664 643 vocata
1684 617 1731 642 δί

241 666 382 695 Ecclesia
398 667 555 699 Hebraea,
569 675 599 696 n.
615 667 701 703 1238,
719 674 805 702 1241,
825 673 911 701 1343,
927 663 1017 700 4516,
1031 669 1127 699 4517;
1149 662 1238 699 quod
1251 661 1402 691 sacrificia
1415 661 1456 690 ab
1473 661 1578 689 Ebero
1592 659 1729 696 primum

239 711 364 748 incepta
385 711 507 746 fuerint,
524 716 554 739 et
569 711 642 739 dein
664 711 696 739 in
711 719 771 739 usu
785 710 872 746 apud
893 713 1037 746 posteros
1050 708 1127 745 ejus.
1142 716 1174 737 n.
1192 709 1278 741 1128,
1295 715 1382 744 1343,
1399 708 1487 739 2180,
1505 713 1618 741 10042;
1642 703 1731 740 quod

239 755 390 784 sacrificia
405 765 469 784 non
485 756 635 784 mandata
650 755 772 788 suerint,
787 755 843 783 sed
862 754 960 782 modo
981 752 1142 790 permissa,
1157 752 1318 781 ostensum
1333 760 1371 780 ex
1386 751 1510 784 Verbo:
1533 758 1628 778 causa
1641 749 1730 785 quod

239 800 384 829 dicantur
399 802 558 834 mandata,
574 810 604 830 n.
621 810 689 837 922,
707 802 795 833 2180,
812 800 906 833 2818;
930 802 961 827 et
975 797 1050 835 quia
1070 797 1213 826 Verbum
1235 797 1447 834 conscriptum
1469 799 1515 824 est
1536 794 1623 832 apud
1643 793 1729 822 illam

238 850 376 882 gentem,
390 850 420 874 et
432 846 572 874 Verbum
589 845 783 874 Historicum
797 845 836 872 de
852 844 906 872 illa
919 847 1022 880 gente,
1035 843 1123 880 quod
1138 851 1203 871 non
1213 842 1303 871 aliter
1313 841 1448 879 potuerit
1463 848 1559 876 quam
1575 843 1610 867 ut
1621 837 1731 867 altan'a

241 894 270 918 et
290 890 443 919 sacrificia
464 891 711 923 nominarentur,
731 894 763 918 et
784 889 872 926 quod
894 888 997 917 'cultus
1020 887 1153 916 Divinus
1173 896 1230 925 per
1249 886 1302 915 illa
1321 885 1556 923 significaretur,
1573 893 1603 913 n.
1622 889 1728 920 10453,

241 934 474 972 10461,10603,
493 934 615 972 10604.)

317 1007 431 1052 392
439 998 532 1052 [aJ.
572 998 763 1038 “Animas
787 996 1015 1038 occisorum
1033 999 1201 1048 proptor·
1226 994 1388 1035 Verbum
1412 993 1488 1033 oei
1506 996 1549 1033 et
1564 994 1732 1045 propter

238 1061 506 1101 testimonium
527 1061 634 1114 quod
659 1059 886 1101 habebant!
889 1058 1091 1111 '—Quod
1113 1057 1336 1111 significet
1358 1070 1432 1110 qm
1456 1054 1606 1109 rese-{h
1625 1059 1731 1094 sunt

238 1128 282 1162 et
298 1121 446 1162 abditi
463 1129 568 1162 sunt
585 1128 774 1175 propter
794 1120 1008 1161 Divinum
1036 1118 1205 1167 Verum,
1228 1125 1270 1160 et
1286 1125 1474 1171 propter
1494 1115 1727 1168 confesszo·

241 1197 336 1224 nem
365 1184 555 1233 Domini,
588 1190 772 1226 constat
805 1197 864 1224 ex
896 1181 1225 1236 significatione
1254 1178 1582 1227 “occisorum’'
1609 1178 1728 1232 quod

240 1247 331 1286 sint
357 1246 420 1286 illi
446 1246 520 1299 qui
552 1244 705 1298 rejecti
735 1245 825 1285 sint
856 1258 882 1284 a
910 1243 1040 1284 malis
1070 1249 1116 1284 et
1141 1242 1284 1283 abditi
1315 1255 1340 1282 a
1372 1241 1572 1282 Domino
1598 1251 1652 1287 (de
1666 1258 1732 1286 qua

240 1319 422 1358 sequitur);
457 1321 515 1348 ex
547 1307 877 1360 significatione
912 1306 1092 1347 “Verbi
1122 1304 1247 1354 Dei,''
1272 1304 1392 1358 quod
1423 1304 1481 1343 sit
1514 1302 1728 1343 Divinum

243 1368 443 1410 Verum:
481 1368 742 1422 (“Verbum
776 1368 860 1408 Dei
873 1367 891 1383 '’
922 1368 1084 1408 dicitur
1114 1367 1233 1421 quod
1266 1366 1486 1406 Dominus
1519 1363 1728 1417 loquitur,

242 1439 290 1474 et
316 1431 402 1472 hoc
430 1438 499 1472 est
528 1431 738 1472 Divinum
766 1431 963 1481 Verum;
997 1430 1198 1472 Verbum
1224 1444 1301 1470 seu
1333 1428 1560 1481 Scriptura
1593 1426 1730 1467 Sacra

242 1507 332 1535 non
359 1494 477 1534 aliud
509 1501 594 1543 est,
623 1508 726 1534 nam
753 1507 888 1535 omne
921 1493 1131 1534 Divinum
1158 1492 1327 1534 Verum
1359 1492 1416 1532 ibi
1443 1491 1727 1540 continetur;

241 1558 320 1599 sed
347 1558 491 1611 ipsum
514 1557 683 1597 Verum
710 1557 768 1597 ibi
797 1557 840 1597 in
867 1570 945 1597 sua
971 1556 1114 1610 gloria
1140 1569 1229 1596 non
1251 1561 1439 1608 apparet
1467 1554 1549 1593 nisi
1576 1565 1727 1593 coram

241 1618 429 1673 angelis,
458 1620 559 1673 quia
588 1621 799 1660 interiora
828 1619 981 1667 Verbi,
1009 1632 1123 1673 quae
1149 1624 1252 1659 sunt
1279 1617 1525 1670 spiritualia
1551 1622 1597 1656 et
1625 1629 1727 1656 cae-

242 1683 388 1731 lestia,
422 1683 478 1723 ad
516 1682 616 1722 illos
654 1683 939 1735 perveniunt,
973 1688 1018 1723 et
1050 1695 1224 1735 quoque
1260 1680 1428 1721 faciunt
1461 1679 1728 1732 sapientiam

242 1759 420 1787 eorum:
455 1759 590 1798 quare
616 1758 693 1798 per
718 1744 959 1785 “Verbum
984 1743 1098 1785 Dei”
1119 1744 1162 1784 in
1189 1743 1383 1796 genuino
1406 1755 1538 1782 sensu
1562 1740 1729 1794 signifi-

243 1815 371 1850 catur
398 1808 607 1848 Divinum
633 1807 818 1855 Verum,
843 1814 888 1848 et
916 1808 959 1848 in
986 1820 1192 1860 supremo
1218 1819 1351 1847 sensu
1378 1805 1480 1858 Ipse
1509 1805 1729 1845 Dominus

245 1872 318 1926 qui
344 1871 387 1911 id
415 1871 591 1911 locutus
614 1877 697 1918 est,
723 1884 825 1911 nam
854 1870 1030 1911 locutus
1056 1875 1125 1910 est
1151 1883 1176 1909 a
1202 1868 1258 1910 Se
1281 1882 1358 1908 seu
1383 1882 1408 1908 a
1436 1868 1600 1907 Divino
1623 1866 1727 1915 Suo,

245 1941 292 1976 et
309 1934 427 1987 quod
451 1934 508 1973 ab
527 1933 631 1986 Ipso
654 1934 857 1986 procedit
881 1933 966 1973 hoc
985 1946 1159 1986 quoque
1183 1932 1284 1985 Ipse
1302 1938 1385 1972 est.
1447 1930 1579 1983 Quod
1604 1930 1728 1970 Divi-

244 2010 350 2037 num
390 1996 640 2049 procedens
679 1996 735 2036 sit
778 1996 894 2049 Ipse,
933 1995 1226 2036 illustrabitur
1263 2007 1339 2047 per
1376 1992 1729 2033 hoc:-Circum

245 2059 586 2112 unumquemvis
618 2058 830 2111 angelum
862 2065 932 2099 est
965 2057 1154 2111 sphaera
1179 2070 1291 2111 quae
1318 2063 1506 2096 vocatur
1538 2055 1731 2108 sphaera

246 2122 367 2161 vitae
394 2120 511 2173 ejus;
546 2120 656 2161 haec
690 2121 747 2160 ad
779 2120 970 2161 multam
1002 2120 1265 2160 distantiam
1292 2119 1348 2158 ab
1374 2132 1427 2159 eo
1454 2132 1501 2158 se
1527 2117 1728 2158 effundit.

249 2182 375 2223 Haec
409 2183 599 2236 sphaera
631 2183 768 2223 effluit
806 2197 883 2224 seu
920 2183 1122 2237 procedit
1160 2196 1218 2223 ex
1249 2182 1344 2222 vita
1375 2179 1620 2221 affeffionis
1653 2194 1730 2220 seu

245 2246 409 2286 amoris
427 2245 518 2298 ejus
535 2259 544 2295 ;
577 2259 713 2298 quare
731 2252 800 2286 est
819 2247 1029 2287 extensio
1046 2246 1165 2286 vitae
1183 2244 1324 2298 qualis
1342 2250 1411 2284 est
1434 2244 1477 2283 in
1501 2243 1578 2283 illo
1597 2249 1730 2283 extra

244 2307 396 2349 illum:
430 2309 640 2348 extensio
667 2308 742 2349 illa
773 2308 822 2349 fit
850 2309 998 2349 media
1023 2307 1342 2363 atmosphaera
1368 2320 1445 2346 seu
1471 2319 1578 2345 aura
1604 2306 1730 2358 spiri-

246 2370 370 2419 tuali,
399 2385 511 2424 quae
543 2378 613 2412 est
645 2385 749 2412 aura
781 2371 922 2423 caeli;
957 2385 1035 2425 per
1065 2370 1188 2412 illam
1219 2369 1456 2423 sphaeram
1489 2369 1731 2421 percipitur

247 2433 436 2486 angelus
454 2433 596 2486 qualis
619 2441 687 2474 est
711 2434 767 2474 ad
787 2434 1050 2475 distantiam
1072 2434 1128 2474 ab
1145 2432 1240 2474 aliis
1258 2431 1407 2485 quoad
1429 2430 1727 2479 affectionem,

220 2497 222 2500 '
247 2495 367 2550 quod
389 2496 525 2536 etiam
549 2496 704 2537 datum
727 2504 798 2538 est
821 2498 928 2538 mihi
950 2497 1186 2551 aliquoties
1208 2495 1459 2549 percipere:
1494 2500 1541 2534 at
1564 2494 1730 2534 circum

249 2558 492 2599 Dominum
520 2566 589 2600 est
619 2560 810 2613 sphaera
842 2561 1017 2608 Divina,
1045 2573 1158 2614 quae
1189 2572 1326 2612 prope
1359 2557 1509 2610 Ipsum
1541 2563 1730 2609 apparet

230 2627 297 2662 -ut
323 2620 415 2670 Sol,
443 2623 515 2675 qui
542 2628 611 2662 est
644 2623 831 2663 Divinus
859 2623 1004 2663 Amor
1030 2623 1186 2676 Ipsius,
1214 2635 1274 2662 ex
1299 2634 1387 2673 quo
1419 2620 1621 2672 procedit
1653 2619 1730 2659 illa

246 2686 291 2725 in
317 2685 572 2725 universum
599 2685 787 2734 caelum,
816 2693 861 2726 et
895 2685 1054 2740 implet
1080 2685 1203 2733 illud,
1230 2690 1276 2724 et
1307 2684 1412 2724 facit
1445 2682 1590 2722 lucem
1618 2696 1730 2734 quae

231 2748 332 2798 .ibi;
365 2747 476 2788 haec
496 2747 687 2800 sphaera
707 2754 776 2788 est
800 2748 1010 2788 Divinum
1033 2747 1281 2801 procedens
1299 2760 1356 2786 ex
1381 2745 1591 2791 Domino,
1612 2744 1731 2797 quod

247 2811 292 2850 in
323 2823 404 2850 sua
435 2811 634 2850 essentia
670 2817 740 2850 est
778 2811 988 2851 Divinum
1021 2811 1205 2851 Verum.
1266 2809 1392 2849 Haec
1425 2807 1731 2860 comparative

250 2885 351 2912 cum
384 2871 558 2924 angelis
591 2879 775 2926 propter
805 2873 1153 2914 illustrationem
1184 2870 1303 2912 dicta
1334 2876 1452 2917 sunt,
1486 2876 1534 2909 ut
1566 2870 1732 2910 sciatur

248 2934 368 2988 quod
394 2934 605 2974 Divinum
629 2935 877 2987 procedens
900 2950 925 2976 a
952 2936 1147 2976 Domino
1169 2936 1226 2975 sit
1249 2935 1350 2987 Ipse
1374 2933 1606 2980 Dominus,
1631 2932 1731 2985 quia

249 3003 319 3038 est
350 2997 600 3051 procedens
626 2998 789 3038 amoris
823 2998 980 3051 Ipsius,
1009 3005 1054 3040 et
1086 2997 1334 3052 procedens
1365 3002 1435 3036 est
1469 2995 1570 3048 Ipse
1596 3000 1729 3035 extra
