2008 3432
332 372 417 427 678
760 383 1092 417 APOCALvPffls
1122 383 1422 420 EXPLICATA.

333 504 380 539 et
413 497 624 547 “hasta‚”
655 497 910 551 significant
941 497 1064 538 varia
1092 510 1207 550 quae
1236 495 1355 540 illius
1388 497 1494 539 belli
1534 503 1666 550 sunt;
1708 498 1811 552 quid

331 567 485 602 autem
511 560 689 613 singula
714 562 757 601 in
780 561 930 614 specie
955 559 1225 614 significant,
1249 573 1340 601 non
1365 560 1495 614 hujus
1519 560 1606 603 loci
1632 567 1702 608 est
1728 575 1812 605 ex-

331 637 512 677 ponere,
546 623 684 664 modo
714 624 818 676 quid
847 622 1063 676 “equuS,’'
1097 622 1302 676 “eques'’
1327 629 1373 664 et
1403 627 1595 664 “currus
1611 623 1646 664 :”
1680 627 1811 664 “vox

330 687 505 749 sonitus
549 685 717 734 rotae,”
757 685 982 739 significat
1026 685 1260 727 ratiocinia
1297 699 1358 729 ex
1401 685 1522 727 falsis
1561 692 1607 727 et
1653 685 1810 736 malis;

333 751 509 801 “equus
535 748 743 789 hinniens
774 755 820 788 et
852 761 1004 788 currus
1024 746 1269 788 saltitans”
1299 748 1522 801 significat
1554 749 1809 802 cupidinem

328 810 590 851 destruendi
621 825 726 851 vera
758 809 988 864 (“equus”
1020 816 1089 851 est
1122 809 1430 852 intelle&uale
1460 824 1717 864 perversum
1749 825 1808 852 ex

327 886 430 926 qu0‚
465 880 510 914 et
540 873 761 914 “currus'’
788 879 858 913 est
891 871 1095 913 doetrina
1124 871 1222 913 falsi
1253 887 1312 913 ex
1343 872 1477 926 qua):
1519 873 1731 914 “hinnire
1760 880 1807 914 et

327 934 572 985 saltitare,”
604 942 674 977 est
706 935 805 976 ferri
837 935 1043 988 cupidine
1074 940 1120 976 et
1147 934 1345 988 jucundo
1374 936 1430 976 ad
1460 935 1520 984 id,
1553 942 1600 977 et
1633 939 1808 989 “eques

326 999 570 1040 ascendere
586 998 782 1039 faciens’'
800 1004 869 1039 est
888 998 1196 1051 impugnatio:
1222 998 1328 1039 inde
1343 999 1505 1039 dicitur
1524 1002 1549 1019 “
1562 998 1808 1039 multitudo

327 1062 633 1103 confossorum
670 1068 716 1102 et
756 1074 941 1102 acervus
977 1061 1207 1102 cadaveris
1223 1061 1257 1112 ;'’
1305 1061 1567 1102 “confossi'’
1598 1061 1807 1102 dicuntur

325 1125 397 1178 qui
434 1125 659 1178 perierunt
691 1138 750 1165 ex
786 1123 922 1172 falsis,
954 1130 1000 1164 et
1035 1123 1324 1165 “cadavera’'
1355 1125 1427 1178 qui
1464 1138 1523 1165 ex
1555 1123 1712 1164 malis:
1754 1130 1800 1164 et

325 1188 430 1229 inde
450 1201 625 1241 quoque
642 1188 817 1236 dicitur,
840 1190 984 1240 “prae
1006 1185 1296 1227 multitudine
1317 1188 1643 1227 scortationum
1666 1188 1803 1228 scorti

322 1250 564 1291 vendentis
590 1256 752 1303 gentes
778 1263 855 1303 per
880 1249 1195 1298 scortationes,
1222 1254 1269 1290 et
1294 1249 1483 1289 familias
1509 1263 1587 1302 per
1603 1250 1803 1302 praesti-

324 1313 422 1365 gias
441 1312 474 1363 ;’‘
506 1326 583 1366 per
609 1313 949 1353 “scortationes
961 1311 980 1327 ’'
1003 1310 1311 1364 significantur
1335 1311 1670 1352 falsificationes
1695 1312 1802 1360 veri,

323 1388 403 1428 per
427 1379 664 1416 “scortum
675 1375 694 1390 ”
716 1374 928 1423 haeresis,
952 1388 1032 1428 per
1055 1374 1286 1415 “vendere
1307 1381 1471 1427 gentes
1481 1374 1500 1389 ’¹
1527 1374 1804 1427 significatur

323 1437 581 1478 abalienare
606 1438 738 1486 bona,
762 1444 808 1478 et
835 1451 913 1490 per
938 1436 1170 1478 “vendere
1194 1436 1383 1478 familias
1406 1451 1483 1490 per
1505 1438 1770 1490 praestigias
1783 1437 1803 1452 ''

323 1500 600 1554 significatur
613 1501 868 1541 abalienare
881 1514 985 1541 vera
1002 1498 1051 1554 (“
1062 1505 1225 1553 gentes
1236 1499 1257 1515 ”
1270 1506 1373 1540 sunt
1389 1500 1521 1549 bona,
1541 1504 1566 1520 ‘⁴
1578 1499 1770 1540 familiae
1782 1499 1803 1515 ”

322 1577 428 1604 vera
467 1564 584 1613 inde,
626 1570 672 1604 et
715 1562 1055 1617 “praestigiae”
1093 1569 1198 1604 sunt
1236 1562 1348 1604 falsa
1388 1562 1493 1603 mali
1533 1576 1611 1616 per
1650 1562 1800 1617 quae).

322 1625 461 1680 'Apud
486 1625 720 1675 Habakuk,

391 1716 414 1729 ‘⁴
426 1714 504 1755 Ego
514 1715 672 1746 excitans
686 1714 896 1753 Chaldaeos,
911 1720 1056 1755 gentem
1069 1724 1225 1746 amaram
1239 1720 1274 1746 et
1287 1715 1528 1755 praecipitem,
1544 1721 1750 1755 pergentem
1764 1715 1800 1747 in

498 1758 700 1790 latitudines
712 1765 825 1790 terrae
829 1783 921 1796 .....
929 1758 1029 1798 cujus
1039 1758 1134 1790 leves
1144 1764 1226 1790 sunt
1238 1768 1321 1799 prae
1333 1759 1453 1798 pardis
1462 1759 1554 1799 equi,
1565 1765 1600 1790 et
1610 1759 1703 1790 acuti
1715 1765 1798 1790 sunt

497 1811 580 1842 prae
594 1802 685 1841 lupis
696 1811 878 1842 vesperae,
890 1808 928 1833 ut
941 1801 1141 1833 diffundant
1153 1811 1193 1834 se
1205 1802 1340 1843 equites
1351 1802 1428 1841 ejus
1443 1811 1450 1837 ;
1467 1802 1560 1833 unde
1574 1803 1709 1843 equites
1722 1802 1800 1842 ejus

496 1855 516 1876 e
532 1845 730 1886 longinquo
738 1845 896 1882 venient.
909 1845 1126 1877 advolabunt
1139 1845 1229 1883 sicut
1242 1846 1359 1886 aquila
1372 1845 1547 1876 festinans
1557 1846 1600 1877 ad
1611 1845 1800 1877 comeden-

496 1889 592 1926 dum,
606 1895 680 1943 tot'a
690 1889 734 1920 ad
745 1889 952 1920 violentiam
964 1889 1083 1921 veniet
1096 1897 1119 1928 ;.
1134 1913 1142 1921 .
1155 1913 1163 1921 .
1177 1888 1254 1921 ‚illa
1263 1898 1366 1929 reges
1378 1889 1500 1920 illudet
1510 1895 1545 1920 et
1554 1889 1798 1920 dominatores

492 1931 580 1963 risui
598 1932 647 1963 illi
693 1932 727 1972 (i.
742 1932 772 1970 6,
788 1932 904 1972 8-1o):

321 2026 400 2066 per
433 2011 758 2053 “Chaldaeos”
788 2012 1104 2066 intelliguntur
1133 2012 1206 2067 qui
1242 2012 1479 2066 profanant
1511 2026 1616 2053 vera
1653 2018 1698 2053 et
1735 2013 1797 2054 sic

320 2081 506 2116 vastant
523 2075 775 2125 ecclesiam,
795 2090 931 2130 quare
952 2082 1140 2117 vocatur
1159 2079 1184 2097 ‘⁴
1196 2089 1308 2129 gens
1326 2088 1478 2116 amara
1496 2082 1541 2116 et
1565 2088 1797 2129 praecepS,

321 2151 514 2191 pergens
546 2139 589 2178 in
622 2138 884 2179 latitudines
915 2145 1063 2180 terrae
1079 2138 1114 2189 ;”
1152 2138 1452 2193 “latitudines
1485 2137 1663 2179 terrae’'
1695 2144 1799 2179 sunt

256 2208 258 2217 ¹
320 2212 428 2239 vera
463 2199 685 2239 ecclesiae
717 2209 875 2248 (videatur
896 2210 928 2239 in
948 2219 1044 2248 opere
1063 2210 1114 2239 De
1135 2210 1224 2240 Caelo
1242 2213 1273 2238 et
1293 2210 1428 2248 Inferna,
1449 2218 1480 2239 n.
1502 2210 1599 2247 197)2
1643 2211 1797 2239 eorum

321 2260 544 2313 cupiditas
567 2267 612 2301 et
638 2261 807 2301 astutia
828 2261 1114 2314 pervertendi
1136 2274 1241 2302 vera
1262 2267 1307 2301 et
1335 2261 1594 2300 destruendi
1620 2259 1696 2300 illa
1722 2273 1800 2313 per

319 2323 555 2363 ratiocinia
592 2337 651 2364 ex
686 2323 808 2364 falsis
843 2337 1023 2377 prorsus
1058 2324 1243 2366 remotis
1273 2337 1299 2364 a
1329 2324 1459 2371 veris,
1493 2322 1800 2376 significantur

287 2378 289 2380 ’
320 2398 400 2438 per
428 2385 587 2438 “cujus
608 2385 731 2427 leves
756 2400 864 2439 prae
888 2387 1038 2440 pardis
1063 2387 1177 2440 equi,
1205 2391 1250 2426 et
1282 2387 1402 2426 acuti
1431 2399 1536 2438 prae
1563 2385 1675 2438 lupis
1698 2398 1798 2425 ves-

320 2461 468 2501 perae,
502 2454 551 2488 ut
583 2448 834 2489 diffundant
867 2462 914 2489 se
946 2450 1120 2503 equites
1150 2443 1256 2501 ejus,
1289 2448 1408 2488 unde
1448 2449 1620 2501 equites
1652 2447 1744 2500 ejus
1775 2461 1799 2488 e

321 2510 570 2564 longinquo
599 2506 803 2560 venient,
837 2511 1114 2552 advolabunt
1151 2512 1266 2552 sicut
1301 2510 1449 2564 aquila
1485 2511 1701 2551 festinans
1741 2510 1798 2550 ad

320 2573 649 2614 comedendum
667 2573 701 2624 ;”
733 2574 955 2627 cupiditas
987 2573 1263 2627 significatur
1287 2586 1366 2627 per
1390 2573 1509 2626 quod
1539 2574 1676 2626 “equi
1707 2572 1799 2625 ejus

320 2635 443 2677 leves
479 2637 569 2677 sint
606 2650 712 2689 prae
749 2636 937 2690 pardiS,'’
974 2643 1020 2678 et
1057 2637 1228 2678 astutia
1259 2649 1338 2690 per
1373 2636 1492 2689 quod
1533 2636 1674 2689 “equi
1708 2636 1798 2676 sint

320 2699 440 2740 acuti
463 2713 568 2752 prae
590 2699 705 2752 lupis
722 2699 975 2752 vesperae,”
991 2706 1037 2741 et
1059 2706 1295 2752 utrumque
1313 2712 1390 2752 per
1407 2699 1524 2751 quod
1547 2697 1799 2739 “advolent

319 2763 434 2804 sicut
458 2761 606 2815 aquila
622 2761 656 2802 :’'
688 2763 789 2815 quia
811 2762 1033 2815 cupiditas
1055 2769 1102 2804 et
1124 2763 1292 2803 astutia
1309 2767 1379 2802 est
1404 2761 1459 2801 ad
1478 2761 1798 2801 destruendum

318 2838 438 2873 vera,
466 2825 569 2865 ideo
594 2824 768 2874 dicitur,
797 2828 935 2865 “tota
960 2826 1016 2865 ad
1038 2825 1302 2866 violentiam
1327 2825 1477 2864 veniet
1494 2823 1528 2863 :‘’
1560 2823 1679 2877 quod
1701 2824 1796 2864 irri-

319 2887 457 2928 deant
489 2901 595 2928 vera
625 2893 671 2928 et
702 2887 835 2936 bona,
869 2887 1146 2940 significatur
1177 2901 1255 2941 per
1285 2887 1404 2940 quod
1439 2891 1606 2938 “reges
1637 2885 1798 2927 illudet

317 2955 365 2991 et
406 2949 714 2990 dominatores
757 2950 860 2990 risui
899 2949 962 2990 illi
979 2950 1012 3000 ;''
1057 2949 1255 3004 “reges”
1294 2948 1547 3002 significant
1589 2962 1708 2998 vera,
1746 2961 1798 2989 ac

323 3015 346 3033 “
359 3012 527 3054 domini
538 3011 557 3027 ”
583 3018 629 3053 et
659 3013 1004 3055 “dominatores
1015 3012 1034 3028 ”
1060 3013 1191 3054 bona.
1250 3012 1387 3066 Apud
1412 3011 1644 3060 Davidem,
