2008 3432
638 377 746 410 CAP.
768 377 848 417 V1.,
871 375 1010 408 VERS.
1033 373 1179 407 2.—N.
1205 375 1227 416 3
1234 373 1254 417 5
1262 362 1363 417 5[e].
1659 362 1744 416 677

256 507 317 535 ex
343 491 478 540 malo,
505 504 556 532 ac
584 504 663 543 per
691 494 883 542 “regern
909 486 1141 529 meridiei'’
1165 498 1320 527 verum
1347 499 1406 526 ex
1432 484 1580 533 bon0;
1607 497 1746 538 quare

256 561 385 609 patet
411 554 530 608 quod
557 553 648 600 illa,
676 567 790 606 quae
815 554 859 593 in
885 566 940 593 eo
966 552 1115 605 capite
1141 550 1364 597 dicuntur,
1389 561 1479 588 non
1506 545 1627 588 dieta
1653 547 1745 587 sint

256 618 314 659 de
339 617 491 671 aliquo
514 617 662 658 futuro
684 616 806 656 bello
832 617 949 656 inter
975 615 1087 655 duos
1112 626 1258 666 reges
1278 612 1358 652 sed
1384 611 1440 652 de
1467 610 1629 664 pugnis
1646 609 1747 650 falsi

255 694 316 722 ex
343 681 464 721 malo
490 686 651 721 contra
673 693 827 720 verum
854 693 914 719 ex
937 679 1084 719 bono:
1121 680 1310 717 “currus
1337 681 1383 715 et
1410 675 1584 728 equites
1597 673 1616 687 ”
1632 686 1746 739 ¹cum

256 744 415 798 quibus
443 744 616 784 “irruet
639 756 720 783 rex
748 742 1072 795 septentrionis
1084 739 1104 755 ”
1130 745 1236 780 sunt
1262 738 1632 791 impugnationes
1653 736 1747 777 veri

255 820 316 847 ex
347 806 468 847 salsis
500 806 632 855 mali;
668 809 846 845 “naves
873 803 1074 844 multae”
1100 815 1201 844 cum
1233 801 1392 855 quibus
1423 801 1561 841 etiam
1592 800 1744 848 irruet,

256 876 360 910 sunt
382 868 630 910 scientifica
647 875 693 909 et
717 866 983 908 doetrinalia
1000 866 1126 916 falsi;
1158 862 1406 905 destruetio
1428 863 1649 904 ecclesiae
1667 875 1746 916 per

255 932 333 973 illa
377 931 654 986 significatur
694 945 773 985 per
811 931 1002 971 “veniet
1046 930 1091 970 in
1136 935 1294 975 terras,
1334 933 1381 967 et
1421 926 1658 966 inundabit
1698 932 1745 966 et

256 993 556 1047 penetrabit.”
614 1004 727 1041 (Quod
747 1001 764 1011 ¹¹
777 1002 900 1031 naves''
921 1001 1100 1039 significent
1117 999 1290 1029 scientifica
1309 1004 1340 1028 et
1354 998 1544 1028 doetrinalia
1562 998 1594 1026 in
1609 1002 1747 1034 utroque

255 1062 359 1087 sensu,
374 1053 518 1082 videatur
532 1062 563 1082 n.
582 1061 669 1089 1977,
685 1053 780 1089 6385:
804 1057 835 1080 et
855 1052 944 1088 quod
960 1049 1168 1079 “inundare''
1184 1047 1339 1086 significet
1359 1047 1594 1076 immersionem
1616 1047 1649 1075 in
1670 1046 1748 1075 falsa

254 1102 286 1127 et
300 1098 393 1133 mala.
409 1107 440 1127 n·
455 1098 524 1131 660.
540 1105 610 1134 705.
625 1106 694 1134 739.
710 1097 779 1134 756.
796 1105 864 1133 790¹
881 1102 970 1133 5725,
986 1095 1091 1132 6853-)

337 1152 419 1207 [6.]
461 1152 601 1206 Apud
625 1152 892 1201 Jeremiam,

324 1242 347 1255 ‘¹
359 1241 571 1281 Dispergam
589 1250 652 1281 per
668 1247 702 1271 te
718 1246 856 1280 gentes,
873 1246 909 1271 et
926 1226 1070 1279 perdam
1088 1248 1152 1280 per
1167 1245 1203 1270 te
1219 1247 1341 1279 regna,
1357 1243 1394 1269 et
1409 1237 1612 1277 dispergam
1629 1246 1693 1277 per
1709 1242 1744 1269 te

429 1294 557 1368 equpgln
574 1292 610 1316 et
633 1284 787 1325 equitem
805 1283 894 1324 ejus,
914 1290 950 1314 et
972 1283 1176 1323 dispergam
1194 1291 1256 1323 per
1272 1288 1307 1313 te
1330 1291 1471 1313 currum
1488 1287 1524 1312 et
1539 1279 1682 1312 veetum
1707 1280 1744 1311 in

428 1338 473 1360 eo
546 1329 567 1360 i.
583 1337 634 1366 20,
651 1330 725 1367 21);

256 1415 303 1451 et
328 1409 446 1463 apud
472 1409 751 1462 Haggaeum,

324 1488 348 1501 ⁰⁴
360 1486 526 1518 Evertam
544 1487 711 1517 thronum
730 1495 933 1525 regnorum,
953 1491 988 1516 et
1005 1485 1151 1524 perdam
1169 1485 1277 1515 robur
1293 1494 1484 1524 regnorum
1501 1483 1662 1524 gentium
1679 1493 1687 1519 ;
1709 1489 1746 1515 et

429 1537 587 1561 evertam
605 1539 745 1561 currum
763 1536 798 1560 et
822 1530 1022 1570 equitantes
1040 1529 1076 1559 in
1093 1538 1147 1566 eo,
1168 1535 1203 1560 et
1218 1528 1437 1560 descendent
1453 1528 1533 1568 equi
1557 1534 1592 1559 et
1608 1527 1745 1568 equites

428 1583 564 1611 eorum,
584 1574 637 1604 vir
653 1574 773 1614 gladio
790 1573 908 1604 fratris
925 1573 979 1604 sui
991 1572 1009 1583 ”
1026 1572 1074 1611 (ii.
1090 1572 1164 1612 22):

256 1669 368 1710 haec
402 1667 522 1710 dieta
553 1675 657 1710 sunt
689 1669 752 1709 de.
777 1666 1085 1709 destru&i0ne
1115 1667 1214 1708 salsi
1246 1674 1292 1708 et
1324 1660 1445 1716 mali,
1479 1673 1526 1708 et
1562 1679 1655 1707 non
1688 1667 1745 1707 de

233 1730 563 1773 <destruetione
595 1731 780 1784 alicujus
817 1732 969 1784 gentis
1001 1738 1047 1772 et
1084 1732 1223 1783 regni,
1257 1744 1362 1771 nam
1399 1744 1478 1784 per
1511 1729 1746 1783 “gentes''

257 1795 566 1849 significantur
588 1796 721 1843 mala,
746 1802 793 1836 et
821 1809 898 1848 per
923 1794 1133 1847 “regna”
1155 1794 1360 1835 similiter
1380 1808 1432 1834 ac
1460 1808 1539 1847 per
1563 1797 1745 1847 “popu-

258 1859 325 1900 los
337 1859 356 1874 ’'
377 1859 503 1907 falsa,
527 1865 597 1899 est
624 1860 762 1899 etiam
789 1858 1103 1912 propheticum
1129 1863 1175 1898 et
1198 1870 1289 1898 non
1315 1857 1607 1907 historicum;
1641 1857 1746 1897 inde

257 1929 385 1976 patet
417 1922 522 1976 quid
559 1936 636 1975 per
664 1926 865 1975 “equum
897 1928 943 1961 et
980 1920 1216 1974 equitem.’'
1248 1933 1299 1961 ac
1338 1934 1416 1974 per
1450 1924 1665 1960 “currum
1697 1927 1743 1959 et

257 1984 435 2027 veetum
472 1986 515 2026 in
547 1985 642 2033 eo‚”
674 1984 965 2038 significatur,
1000 1983 1120 2037 quod
1153 1997 1315 2037 nempe
1352 1997 1430 2037 per
1464 1987 1666 2036 “equum
1698 1989 1744 2023 et

256 2048 487 2102 equitem‘'
513 2046 821 2089 intelleetuale
854 2060 1113 2101 perversum
1144 2053 1190 2087 et
1221 2047 1326 2087 inde
1358 2046 1663 2093 ratiocinatio,
1692 2058 1743 2086 ac

258 2125 336 2165 per
363 2115 575 2152 “currum
603 2118 648 2152 et
675 2109 854 2151 veetum
886 2111 929 2150 in
957 2109 1041 2150 eo‘’
1067 2107 1271 2150 doetrina
1299 2109 1398 2150 falsi
1424 2123 1502 2150 seu
1528 2109 1743 2157 haeresis,

256 2181 303 2216 et
325 2175 398 2228 qui
423 2175 467 2214 in
493 2174 570 2215 illa
596 2181 714 2215 sunt.
776 2173 914 2227 Apud
940 2172 1136 2221 Nahum,

325 2271 348 2285 ⁸⁴
357 2269 432 2302 vae
445 2270 522 2302 urbi
535 2271 762 2310 sanguinum,
776 2276 851 2301 tota
863 2268 1049 2300 mendacio
1062 2274 1098 2299 et
1110 2268 1236 2308 rapina
1248 2268 1355 2309 plena
1367 2278 1391 2306 ;.
1406 2293 1413 2300 .
1427 2293 1435 2300 .
1449 2279 1535 2300 ,vox
1547 2269 1702 2300 scuticae
1712 2275 1748 2300 et

430 2324 501 2345 vox
511 2315 649 2346 sonitus
664 2321 772 2351 rotae,
783 2321 819 2344 et
832 2322 942 2353 equus
956 2312 1124 2343 hinniens
1137 2318 1172 2343 et
1182 2322 1304 2343 currus
1317 2312 1492 2349 saltitans,
1504 2323 1612 2353 eques
1625 2322 1748 2344 ascen-

429 2358 513 2389 dere
530 2358 677 2395 faciens,
696 2365 731 2389 et
747 2357 917 2397 splendor
932 2355 1050 2396 gladii,
1067 2361 1102 2387 et
1118 2355 1236 2395 fulgur
1251 2356 1387 2393 hastae,
1407 2362 1441 2387 et
1458 2357 1646 2387 multitudo
1665 2365 1749 2387 con-

430 2401 620 2439 fessorum,
637 2409 672 2433 et
691 2411 839 2432 acervus
856 2400 1036 2431 cadaveris
1041 2423 1132 2436 .....
1140 2409 1224 2440 prae
1244 2399 1470 2430 multitudine
1490 2400 1747 2431 scortationum

430 2446 567 2482 scorti..
583 2470 590 2477 .
604 2470 611 2477 .
626 2445 830 2477 .vendentis
854 2450 979 2483 gentes
999 2452 1062 2483 per
1077 2443 1312 2474 scortationes
1337 2453 1432 2481 suas,
1451 2450 1486 2474 et
1507 2443 1662 2474 familias
1686 2453 1749 2483 per

430 2489 640 2530 praestigias
657 2499 740 2520 suas
751 2488 769 2500 '’
786 2488 846 2528 (iii.
864 2490 956 2526 1—4):

257 2586 406 2638 agitur
422 2585 481 2625 ibi
499 2585 554 2625 de
573 2583 790 2625 violentia
812 2581 939 2623 illata
958 2581 1123 2622 Divino
1141 2581 1266 2622 Vero
1283 2595 1335 2623 ac
1359 2582 1416 2623 de
1438 2580 1748 2623 destruetione

258 2649 350 2701 ejus
381 2662 460 2702 per
490 2647 601 2688 falsa
635 2647 754 2694 mali,
785 2646 829 2686 id
864 2646 982 2685 enim
1015 2658 1093 2698 per
1124 2645 1318 2686 “urbem
1352 2644 1662 2698 sanguinum,”
1691 2645 1747 2686 de

257 2724 345 2763 qua
370 2710 610 2763 sequentia
640 2709 864 2755 dicuntur,
892 2706 1174 2758 significatur
1199 2717 1359 2754 (videatur
1377 2726 1482 2754 supra,
1502 2726 1534 2746 n.
1557 2716 1746 2758 329[f]);

258 2786 394 2825 quare
439 2772 578 2812 etiam
623 2771 786 2811 dicitur
828 2773 969 2809 “tota
1009 2769 1246 2809 mendacio
1286 2775 1333 2809 et
1374 2769 1531 2822 rapina
1573 2767 1748 2821 plena,'’

260 2834 584 2875 “mendacium
596 2834 616 2848 ”
641 2840 711 2874 est
737 2832 912 2878 falsum,
940 2838 986 2872 et
1015 2833 1207 2885 “rapina
1218 2831 1237 2846 ’²
1263 2838 1333 2872 est
1356 2831 1574 2872 violentia
1600 2844 1678 2884 per
1703 2830 1747 2870 id

258 2897 412 2947 illata;
444 2903 491 2937 et
517 2897 619 2950 quia
644 2895 801 2936 “bella
814 2894 832 2909 ’¹
855 2893 1110 2947 significant
1136 2908 1312 2948 pugnas
1339 2894 1608 2947 spirituales,
1633 2906 1747 2946 quae

258 2966 362 3000 sunt
385 2960 477 3000 veri
503 2966 662 3000 contra
688 2958 848 2998 falsum
873 2965 920 2998 et
952 2957 1050 2998 falsi
1081 2965 1242 2999 contra
1267 2971 1436 3005 verum,
1464 2957 1566 2997 ideo
1592 2956 1744 2997 omnia

257 3037 372 3077 quae
394 3029 498 3064 sunt
521 3022 642 3071 belli,
664 3028 711 3062 ut
736 3025 761 3041 ‘⁴
776 3021 987 3070 scutica,”
1007 3021 1222 3075 “equuS‚”
1247 3019 1478 3069 “currus,’'
1498 3019 1714 3073 “gladius
1727 3018 1746 3033 ’¹
