2008 3360
274 342 288 371 1
297 331 380 373 286
684 341 1014 374 APOCALYPSIS
1040 340 1337 373 EXPLICATA.

267 454 544 495 ramusculos
557 454 576 472 ”
616 453 839 508 significat
876 453 1297 507 multiplicationem
1333 460 1379 496 et
1415 455 1747 503 extensionem,

268 519 428 558 “mare
440 516 459 533 '’
484 516 706 570 significat
731 515 1037 565 scientificum,
1061 523 1106 557 et
1130 515 1360 565 “fluvius,’'
1382 516 1451 557 hic
1479 516 1749 569 Euphrates,

266 579 499 620 rationale.
559 579 784 621 Extensio
815 578 1047 627 ecclesiae,
1081 584 1126 620 et
1166 578 1479 631 multiplicatio
1510 579 1748 620 veritatum

267 642 373 695 ejus,
401 649 447 684 et
472 643 574 683 inde
599 641 942 694 intelligentiae,
966 642 1230 682 describitur
1255 655 1333 694 per
1358 648 1502 682 terrae
1529 641 1750 683 Canaanis

267 706 581 747 extensionem
618 705 674 745 ad
712 704 837 745 Mare
869 703 1007 756 Suph,
1041 704 1164 744 Mare
1197 703 1581 752 Philisthaeorum,
1613 709 1660 744 et
1692 703 1749 744 ad

265 769 443 809 fluvium
471 767 768 821 Euphratem,
796 766 913 819 apud
937 766 1105 816 Mosen,

334 868 355 880 ¹¹
370 866 506 897 Ponam
525 866 713 897 terminum
733 872 830 896 tuum
843 863 897 895 [¹1a
915 864 1014 896 Mare
1028 865 1124 905 Suph
1137 874 1247 905 usque
1260 865 1305 896 ad
1323 864 1422 896 Mare
1438 864 1747 902 Philisthaeorum,

438 916 473 940 et
490 919 511 940 a
526 909 667 940 deserto
683 918 794 948 usque
810 908 855 939 ad
872 908 1016 939 fluvium
1028 907 1046 919 ”
1059 908 1182 948 (Exod.
1199 908 1295 940 xxiii.
1312 909 1384 948 31):

266 1023 343 1062 per
367 1010 620 1050 “terminos
646 1016 790 1050 terrae
816 1008 1069 1050 Canaanis”
1091 1007 1396 1062 significantur
1422 1008 1578 1049 ultima
1603 1007 1748 1049 eccle-

265 1073 372 1120 siae,
405 1086 518 1126 quae
550 1078 653 1112 sunt
691 1070 937 1112 scientifica
967 1085 1085 1119 vera,
1118 1071 1402 1124 cognitiones
1433 1072 1524 1111 veri
1561 1077 1606 1112 et
1644 1071 1749 1111 boni

264 1148 323 1174 ex
347 1135 515 1183 Verbo,
539 1141 584 1175 et
610 1134 870 1184 rationalia;
904 1147 982 1186 per
1005 1133 1168 1174 “Mare
1195 1133 1348 1187 Suph'’
1370 1133 1643 1186 significatur
1664 1134 1748 1174 sci-

263 1196 490 1238 entificum
515 1210 666 1238 verum
685 1211 693 1247 ;
729 1210 807 1250 per
830 1196 992 1237 “Mare
1017 1196 1428 1245 Philisthaeorum,”
1445 1197 1518 1237 ubi
1540 1203 1636 1237 erat
1654 1196 1748 1249 Ty-

263 1273 336 1299 rus
358 1266 404 1300 et
427 1259 580 1307 Sidon,
607 1259 914 1312 significantur
935 1259 1219 1311 cognitiones
1235 1259 1327 1299 veri
1349 1265 1394 1300 et
1416 1259 1521 1299 boni
1538 1273 1598 1299 ex
1615 1272 1748 1299 sensu

263 1322 585 1363 litteraeVerbi
604 1336 613 1372 ;
636 1328 681 1363 et
697 1335 774 1374 per
787 1321 1001 1362 “fluvium
1015 1320 1599 1374 Euphratem'’significatur
1610 1322 1746 1362 ratio-

262 1384 363 1426 nale
384 1398 392 1425 :
427 1398 530 1425 nam
560 1384 804 1425 scientifica
829 1385 1073 1425 inserviunt
1101 1384 1431 1437 cognitionibus
1454 1385 1545 1425 veri
1571 1391 1617 1425 et
1643 1384 1749 1425 boni

264 1461 323 1487 ex
350 1447 518 1495 Verbo,
542 1454 587 1488 et
610 1447 693 1488 hae
716 1460 816 1488 cum
838 1446 924 1487 illis
946 1447 1191 1488 inserviunt
1213 1446 1433 1495 rationali,
1457 1453 1503 1488 et
1525 1446 1745 1488 rationale

261 1510 444 1550 inservit
471 1510 813 1563 intelligentiae,
839 1523 952 1563 quae
980 1502 1111 1550 datur
1137 1523 1214 1562 per
1239 1523 1345 1550 vera
1369 1509 1614 1562 spiritualia
1639 1523 1747 1551 con-

256 1570 410 1625 juncta
436 1573 556 1613 bono
583 1572 813 1626 spirituali.

344 1642 424 1697 [0.]
468 1643 623 1684 Simile
648 1643 769 1697 quod
795 1643 851 1683 de
878 1642 1072 1684 ecclesia
1097 1648 1143 1683 et
1169 1642 1263 1696 ejus
1289 1643 1580 1692 extensione,
1607 1643 1747 1685 etiam

261 1704 316 1744 de
342 1705 546 1757 potentia
572 1704 751 1745 Domini
777 1717 908 1757 super
933 1704 1082 1745 omnia
1107 1703 1218 1745 caeli
1249 1709 1295 1745 et
1326 1703 1556 1753 ecclesiae,
1584 1704 1747 1746 dicitur

260 1766 378 1819 apud
403 1766 636 1815 Davidem,

328 1866 350 1879 ⁴⁴
363 1864 556 1950 Ponagrkgn
568 1865 663 1939 ffa‘i
675 1874 828 1950 Iglanum
847 1864 944 1905 Ejus,
964 1870 999 1897 et
1019 1865 1055 1896 in
1075 1864 1193 1896 fluviis
1209 1864 1371 1896 dextram
1389 1863 1476 1905 Ejus
1487 1863 1506 1876 ”
1521 1863 1596 1902 (ΡΒ.
1613 1864 1746 1897 lxxxix.

435 1916 453 1939 2
544 1933 551 1940 .
607 1932 614 1940 .
633 1916 672 1947 25
719 1920 725 1940 2

259 2004 369 2045 haee
392 2004 447 2045 de
471 2004 662 2053 Davide,
686 2018 765 2058 per
788 2017 920 2058 quem
942 2005 1000 2045 ibi
1022 2003 1288 2058 intelligitur
1309 2003 1554 2054 Dominus;
1587 2009 1747 2056 poten·

259 2067 323 2107 tia
354 2067 534 2121 Domini
572 2080 707 2120 usque
748 2067 805 2107 ad
842 2066 998 2107 ultima
1034 2066 1146 2108 caeli
1182 2073 1228 2107 et
1259 2066 1490 2114 ecclesiae,
1522 2067 1586 2107 ita
1616 2079 1749 2119 super

259 2135 408 2170 totum
447 2129 620 2170 caelum
661 2136 706 2170 et
747 2143 879 2183 super
918 2142 1050 2170 omne
1090 2129 1322 2178 ecclesiae,
1358 2128 1636 2182 significatur
1671 2141 1750 2181 per

262 2194 466 2244 “ponere
495 2193 538 2232 in
570 2193 679 2232 mari
711 2205 890 2232 manum
922 2198 968 2232 et
1000 2192 1043 2232 in
1075 2192 1215 2232 fluviis
1246 2191 1455 2232 dextram
1472 2191 1505 2241 ;”
1544 2193 1749 2244 potentia

260 2254 534 2307 significatur
570 2268 648 2307 per
680 2258 897 2294 “manum
910 2254 929 2269 ”
960 2261 1006 2295 et
1039 2253 1331 2302 “dextram,”
1361 2260 1407 2294 et
1443 2253 1601 2294 ultima
1636 2254 1749 2295 caeli

259 2323 306 2357 et
328 2316 546 2358 ecclesiae
569 2330 647 2369 per
670 2320 829 2357 “mare
842 2316 864 2332 ’⁹
883 2323 929 2357 et
952 2329 1030 2369 per
1053 2316 1247 2357 “fluvios
1266 2315 1300 2356 :’'
1330 2315 1487 2357 ultima
1507 2316 1619 2357 caeli
1641 2323 1746 2359 sunt

260 2379 465 2420 “maria”
497 2385 543 2420 et
575 2386 678 2420 sunt
712 2379 905 2428 “fluvii,’'
935 2386 984 2419 ut
1020 2392 1151 2431 supra
1181 2378 1417 2432 aliquoties
1447 2377 1615 2420 dictum
1647 2386 1747 2430 est;

258 2441 368 2482 haec
395 2447 736 2493 repraesentata
766 2448 869 2481 sunt
901 2454 980 2494 per
1009 2441 1114 2482 bina
1144 2442 1294 2489 maria,
1321 2447 1368 2482 et
1399 2453 1478 2493 per
1508 2442 1636 2482 binos
1666 2441 1747 2484 flu·

258 2505 368 2552 vios,
395 2505 468 2557 qui
494 2510 622 2544 erant
653 2505 831 2545 termini
862 2511 1007 2545 terrae
1035 2503 1282 2554 Canaanis;
1319 2504 1422 2545 bina
1452 2505 1590 2544 maria
1620 2512 1748 2546 erant

259 2579 380 2606 mare
404 2565 613 2618 Aegypti
635 2573 680 2607 et
702 2579 822 2607 mare
842 2566 1229 2614 Philisthaeorum,
1249 2566 1322 2606 ubi
1344 2566 1489 2619 Tyrus
1510 2572 1557 2607 et
1579 2565 1746 2617 Sidon;

258 2636 304 2670 et
335 2630 425 2669 bini
456 2628 572 2668 fluvii
607 2635 736 2670 erant
769 2629 1024 2681 Euphrates
1060 2635 1106 2669 et
1134 2628 1378 2681 Jordanes:
1419 2628 1498 2669 sed
1527 2628 1746 2681 Jordanes

258 2698 355 2732 erat
382 2692 598 2732 terminus
624 2692 740 2732 inter
771 2698 935 2732 terram
963 2690 1221 2732 Canaanem
1247 2691 1505 2732 interiorem
1536 2698 1583 2732 et
1614 2698 1746 2733 exte-

257 2755 447 2804 riorem;
479 2754 523 2794 in
549 2753 634 2794 hac
661 2760 789 2794 erant
815 2754 956 2794 tribus
983 2754 1209 2794 Reubenis
1235 2759 1281 2794 et
1308 2753 1459 2803 Gadis,
1485 2766 1536 2794 ac
1563 2753 1747 2795 dimidia

257 2817 398 2858 tribus
426 2817 661 2857 Menassis.
722 2816 936 2857 Similiter
960 2816 1077 2869 apud
1104 2815 1382 2870 Sacharzjam,

325 2917 347 2930 “
360 2914 682 2998 Dominar}1psiu)s
702 2925 722 2946 a
740 2915 827 2946 mari
843 2925 954 2956 usque
973 2915 1017 2947 ad
1034 2925 1143 2954 mare,
1163 2920 1198 2947 et
1217 2925 1238 2946 a
1256 2914 1364 2947 fluvio
1380 2924 1491 2956 usque
1508 2914 1553 2946 ad
1572 2914 1660 2947 fines
1677 2920 1746 2947 ter-

429 2968 488 2990 rae
549 2968 594 2990 1X.
613 2966 654 2989 10
679 2970 685 2990 z
