2008 3360
262 381 346 438 708
675 388 1007 422 APOCALYPSIS
1038 388 1338 422 EXPLICATA.

264 510 311 545 et
332 516 410 557 per
428 506 628 556 “aquam
651 502 945 555 separationis
957 501 975 516 ”
998 515 1055 541 ex
1079 500 1155 542 illa
1176 502 1411 542 combusta
1428 499 1591 543 factam
1609 501 1748 555 signi-

259 565 422 607 fleatur
438 578 591 606 verum
611 564 825 605 naturalis
847 564 1038 604 hominis
1055 577 1064 613 ;
1097 569 1142 604 et
1161 564 1262 617 quia
1283 564 1428 604 omnis
1450 564 1683 605 mundatio
1700 564 1750 605 fit

263 641 342 682 per
362 642 481 676 vera,
505 628 608 668 ideo
630 627 713 668 hoc
737 626 1000 667 mandatum
1025 632 1120 666 est:
1154 626 1290 666 etiam
1313 625 1488 679 singula
1514 640 1750 680 processus

263 691 379 731 circa
405 689 725 731 mactationem
753 689 844 741 ejus
870 695 916 729 et
943 689 1059 729 circa
1086 689 1474 741 praeparationem
1501 703 1641 743 aquae
1667 703 1750 743 pro

264 754 556 794 mundatione
582 767 639 793 ex
667 752 755 800 illa,
780 751 1014 792 involvunt
1041 750 1298 804 spiritualia.
1360 750 1476 804 Quia
1499 752 1751 793 “rubrum'?

258 816 483 869 significat
515 816 645 870 quale
677 817 738 856 rei
770 815 917 868 quoad
945 815 1124 861 bonum,
1154 815 1255 855 ideo
1280 828 1457 868 quoque
1489 816 1672 856 nomina
1701 822 1749 857 et

262 893 332 920 res
362 893 475 932 quae
507 893 565 919 ex
598 879 755 919 eadem
788 891 898 918 voce
941 878 983 917 in
1023 877 1174 930 lingua
1206 877 1413 930 originali
1446 878 1748 926 nominantur,

263 941 518 995 significant
556 942 721 981 bonum
759 954 817 981 ex
856 954 957 993 quo.
1031 939 1228 980 Rubrum
1271 941 1314 980 in
1356 940 1508 993 lingua
1544 940 1749 993 originali

262 1003 423 1045 dicitur
447 1004 580 1045 adam
593 1019 612 1051 ,·
648 1004 752 1044 inde
781 1010 848 1043 est
882 1015 1048 1043 nomen
1076 1001 1272 1050 Adamo,
1300 1010 1344 1043 et
1377 1017 1553 1057 quoque
1583 1017 1748 1046 nomen

256 1059 454 1115 'Ed0m0‚
474 1074 518 1108 et
542 1067 645 1107 inde
668 1080 843 1119 quoque
865 1065 1002 1106 homo
1019 1072 1205 1106 vocatur
1222 1065 1370 1114 adam,
1391 1066 1551 1106 humus
1567 1062 1748 1116 adamass

261 1135 306 1178 et
330 1130 508 1169 rubinus
528 1130 658 1169 odam
673 1144 692 1176 ,·
723 1130 785 1168 ita
804 1129 983 1168 nomina
1005 1128 1082 1168 illa
1104 1135 1148 1168 et
1172 1141 1241 1168 res
1264 1128 1367 1168 illae
1384 1142 1441 1169 ex
1461 1129 1606 1170 rubro.
1667 1123 1750 1170 Per

262 1190 561 1231 “Adamum”
593 1191 867 1244 significatur
901 1190 1106 1231 Ecclesia
1139 1189 1481 1244 Antiquissima,
1514 1205 1629 1245 quae
1667 1191 1748 1233 fuit

260 1254 451 1300 ecclesia
482 1269 595 1308 quae
627 1256 669 1294 in
701 1255 821 1294 bono
851 1255 1043 1304 amoris;
1080 1253 1224 1294 simile
1250 1267 1327 1306 per
1355 1253 1676 1302 “Hominem,”
1701 1261 1748 1296 et

259 1317 403 1370 'simile
426 1331 501 1370 per
525 1325 549 1337 ⁴·
564 1318 745 1357 humum
763 1317 781 1331 ”
804 1318 846 1356 in
874 1330 1006 1357 sensu
1030 1317 1262 1369 spirituali,
1287 1318 1359 1357 ubi
1382 1317 1530 1370 agitur
1551 1318 1607 1358 de
1629 1318 1750 1358 bono

257 1379 461 1434 caelesti,
489 1380 775 1432 significatur.
839 1377 973 1431 Quod
1008 1379 1209 1419 Edomus
1241 1378 1388 1420 emus
1419 1381 1477 1421 sit
1509 1394 1567 1421 ex
1600 1381 1747 1436 rubr0,v

259 1442 464 1497 videatur
503 1443 651 1483 Gcnes.
689 1456 798 1482 xxv.
839 1453 917 1494 30;
962 1450 1007 1482 et
1049 1442 1152 1482 inde
1189 1455 1267 1495 per
1306 1443 1430 1483 illum
1472 1442 1749 1496 significatur

259 1518 412 1552 verum
439 1506 543 1546 boni
577 1505 791 1545 naturalis
818 1505 1038 1554 hominis;
1073 1505 1192 1558 quod
1218 1505 1399 1545 rubinus
1423 1506 1560 1546 etiam
1586 1505 1748 1547 dicitur

260 1560 318 1608 ex
341 1569 486 1615 rubro,
507 1568 709 1608 videatur
726 1567 868 1607 Exod.
888 1568 1044 1608 xxviii.
1068 1577 1141 1619 17;
1173 1580 1268 1620 cap.
1292 1568 1458 1607 xxxix.
1482 1578 1557 1618 10;
1587 1559 1745 1609 Ezecless

260 1631 416 1670 xxviii.
446 1642 491 1682 13
511 1646 520 1681 ;
547 1631 648 1671 inde
672 1639 739 1671 est
767 1631 885 1684 quod
909 1645 986 1684 per
1010 1629 1279 1671 “ruffinum’'
1301 1629 1575 1683 significetur
1592 1622 1746 1672 verum

259 1690 366 1731 boni
382 1691 611 1732 caelestis.
653 1703 763 1739 (Quod
778 1700 794 1729 ‘A‘
807 1703 912 1731 Adam
924 1702 940 1711 ''
954 1702 1108 1740 significet
1122 1701 1296 1730 Ecclesiam
1309 1701 1584 1738 Antiquissimam,
1595 1710 1678 1739 qnae
1690 1702 1747 1732 suit

258 1750 389 1779 ecclesia
410 1751 559 1783 caelestis,
583 1760 638 1778 seu
660 1751 791 1779 ecclesia
812 1759 896 1787 quae
916 1751 948 1779 in
968 1751 1058 1779 bono
1070 1750 1187 1779 amoris
1207 1749 1239 1778 in
1262 1749 1451 1784 Dominum,
1465 1750 1608 1779 videatur
1628 1759 1661 1780 n.
1675 1752 1747 1787 478.

257 1803 335 1832 479:
364 1796 451 1831 quod
467 1799 485 1809 “
498 1796 607 1823 Homo
618 1796 634 1803 ''
650 1795 801 1832 significet
824 1796 988 1824 ecclesiam
1003 1796 1110 1832 quoad
1125 1795 1256 1828 bonum,
1278 1803 1311 1824 n.
1327 1796 1416 1831 4287,
1432 1803 1521 1831 7424.
1538 1802 1633 1832 7523:
1659 1795 1747 1832 quod

258 1839 427 1868 ‘'humus''
445 1841 537 1868 etiam
559 1840 658 1868 simile
680 1840 841 1877 significet.
858 1850 889 1869 n.
911 1841 980 1877 566,
998 1847 1111 1876 10570:
1138 1840 1226 1877 quod
1242 1843 1258 1853 ¹⁴
1275 1839 1412 1873 Edom,''
1427 1840 1502 1876 quia
1523 1839 1629 1869 dietus
1647 1845 1693 1868 est
1707 1849 1746 1869 ex

258 1884 364 1918 rubro,
380 1885 532 1921 significet
554 1893 662 1913 verum
685 1885 759 1913 boni
785 1885 933 1914 naturalis
955 1885 1100 1918 hominis,
1123 1893 1154 1913 n.
1177 1893 1266 1922 3300.
1282 1893 1378 1921 3322:
1405 1888 1435 1912 et
1456 1884 1543 1921 quod
1559 1884 1746 1913 “rubinas‘'

257 1933 410 1971 significet
420 1943 529 1963 verum
539 1935 614 1962 boni
625 1935 775 1968 caelestis,
787 1944 816 1964 n.
827 1935 933 1972 9865.)
969 1923 1087 1976 Quia
1101 1927 1128 1944 ‘⁶
1139 1923 1322 1963 rUbrum
1335 1922 1354 1938 '¹
1366 1922 1594 1975 Significat
1610 1922 1744 1976 quale

261 1985 324 2025 rei
346 1986 492 2038 quoad
516 1986 694 2033 bonum,
714 1986 815 2026 ideo
836 1987 878 2025 in
901 1999 1033 2026 sensu
1055 1985 1265 2038 opposito
1286 1984 1508 2037 significat
1531 1984 1662 2038 quale
1679 1986 1742 2026 rei

258 2048 405 2100 quoad
429 2048 594 2088 malum
617 2049 734 2101 quod
757 2055 825 2088 est
849 2049 1102 2101 oppositum
1126 2048 1258 2095 bono,
1278 2054 1323 2088 et
1346 2047 1450 2087 inde
1476 2047 1642 2087 bonum
1665 2048 1745 2089 de-

259 2110 508 2164 perditum;
551 2111 593 2150 in
627 2111 709 2151 hoc
742 2124 874 2151 sensu
906 2111 1066 2152 dicitur
1098 2109 1347 2151 “rubrum’'
1378 2110 1422 2150 in
1454 2110 1746 2164 sequentibus

259 2173 370 2214 locis
388 2173 596 2226 2—Apud
622 2173 823 2221 Esaiam,

325 2270 347 2282 ¹¹
359 2268 394 2300 Si
411 2268 542 2299 fuerint
557 2275 700 2308 peccata
717 2275 834 2300 vestra
851 2269 942 2301 sicut
965 2268 1139 2306 coccinea,
1159 2268 1249 2300 sicut
1272 2268 1334 2300 nix
1350 2268 1557 2308 albescent;
1584 2268 1615 2300 si
1639 2268 1746 2300 rubra

432 2312 564 2343 fuerint
581 2312 670 2343 sicut
687 2322 852 2352 purpura,
871 2313 961 2344 sicut
977 2313 1060 2344 lana
1075 2311 1207 2344 erunt''
1223 2311 1260 2352 (i.
1283 2312 1359 2352 18);

258 2398 305 2434 et
329 2392 445 2445 apud
472 2391 668 2439 Nalcum,

325 2469 503 2510 “Clipeus
521 2470 663 2501 fortium
682 2470 758 2511 ejus
777 2472 991 2503 rubicundus
1009 2469 1124 2503 fastus
1141 2478 1205 2509 est,
1221 2471 1287 2502 viri
1305 2470 1522 2503 fortitudinis
1539 2471 1743 2512 purpurati:

432 2515 466 2545 in
493 2514 574 2553 igne
591 2514 783 2545 facularum
802 2524 923 2546 currus
948 2515 1026 2555 ejus
1030 2539 1122 2551 .....
1130 2515 1166 2546 in
1183 2514 1310 2555 plateis
1334 2514 1582 2546 insaniverunt
1604 2524 1740 2552 currus,

428 2557 668 2588 discurrerunt
685 2557 720 2588 in
740 2558 838 2595 vicis,
858 2557 1024 2599 aspectus
1042 2555 1198 2590 meorum
1214 2557 1305 2589 sieut
1320 2557 1438 2589 facum
1449 2557 1470 2569 ”
1484 2557 1533 2598 (ii.
1546 2566 1578 2597 4,
1593 2557 1636 2598 5).
1739 2563 1741 2566 '

255 2646 307 2687 In
339 2660 393 2687 eo
423 2660 556 2687 sensu
587 2648 724 2687 etiam
755 2647 887 2687 draco
912 2647 1072 2688 dicitur
1099 2645 1288 2688 “rufus’'
1316 2645 1471 2700 (Apoc.
1497 2646 1572 2686 xii.
1597 2645 1658 2700 3),
1684 2646 1742 2688 de

258 2723 346 2762 quo
368 2710 411 2749 in
438 2709 740 2762 sequentibus.

331 2776 548 2830 365[a].
570 2777 672 2816 flet
697 2777 861 2816 sedenti
883 2790 1009 2829 supet·
1035 2777 1104 2818 illo
1125 2778 1261 2817 datum
1288 2776 1332 2816 οἱ
1354 2777 1498 2816 tollet-e
1517 2787 1663 2828 pacem
1691 2776 1743 2816 de

254 2837 604 2889 terra.'”—Quod
630 2836 855 2889 significet
889 2837 1077 2878 Verbum
1096 2838 1199 2878 inde
1219 2851 1302 2877 non
1322 2835 1602 2884 intellec‘lum,
1626 2835 1741 2875 unde

254 2899 446 2941 dzksz‘dia
471 2898 515 2938 in
540 2898 726 2945 ecclesia,
751 2905 931 2939 constat
955 2913 1014 2939 ex
1036 2898 1362 2951 significatione
1384 2897 1582 2937 sedentis
1604 2909 1736 2949 super

255 2978 369 3019 equo
387 2962 494 3010 rufo,
514 2962 632 3015 quod
655 2963 712 3002 sit
731 2962 932 3002 Verbum
956 2976 1044 3002 non
1067 2960 1345 3002 intellectum
1368 2959 1514 3013 quoad
1539 2960 1704 2999 bonum
1725 2973 1736 3008 ;

256 3023 354 3077 (per
391 3023 671 3063 “sedentem
706 3023 826 3063 enim
861 3036 995 3076 super
1029 3036 1146 3076 equo
1160 3022 1179 3038 ”
1214 3021 1493 3075 significatur
1527 3019 1738 3065 Verbum,
