2008 3360
250 177 335 229 764
663 186 996 219 APOCALYPSIS
1028 187 1326 220 EXPLICATA.

249 296 327 338 det
349 297 469 338 bono
486 297 714 351 spirituali,
734 298 852 351 quod
875 299 917 338 in
940 312 1018 339 sua
1040 299 1234 340 essentia
1252 306 1320 341 est
1337 313 1489 341 verum
1508 314 1517 351 ;
1543 303 1568 321 “
1582 299 1731 350 oliva?

249 365 296 399 ut
328 357 490 400 fructus
522 374 580 400 ex
608 374 695 414 quo
722 361 884 408 oleum,
913 361 1235 414 correspondet
1266 362 1387 403 bono
1417 363 1581 403 amoris
1606 361 1731 414 εᾶυς

247 428 293 462 et
314 422 475 474 “agri’'
493 423 847 476 correspondent
866 423 1070 463 omnibus
1088 423 1303 465 ecclesiae
1323 439 1332 475 ;
1358 429 1639 478 “proventus
1652 426 1670 440 ”
1688 433 1733 467 et

249 484 404 525 “cibi‘’
429 486 533 526 inde
559 485 814 538 significant
842 486 991 526 omnia
1013 499 1126 538 quae
1151 493 1255 527 sunt
1282 489 1535 528 nutritionis
1558 489 1733 541 spiritu-

246 546 327 587 alis
350 560 358 587 ε
405 548 508 588 inde
548 554 675 601 patet
716 548 819 601 quid
859 547 934 588 illa
974 548 1017 588 in
1058 548 1213 589 ordine
1253 549 1519 602 significant.
1595 550 1732 604 Apud

244 609 504 658 Hoscleeam,

315 706 515 747 “Ephraim
536 716 685 746 pascens
706 712 881 741 ventum..
897 731 904 737 .
918 730 925 737 .
940 706 1081 738 ‚foedus
1101 716 1179 738 cum
1200 707 1350 748 Assyrio
1371 715 1540 748 pangunt,
1561 715 1596 740 et
1615 709 1733 741 oleum

419 749 454 780 in
472 749 675 790 Aegyptum
693 750 848 781 defertur
859 748 876 761 ”
893 749 966 790 (xii,
981 757 1000 780 2
1019 747 1078 792 [B.
1092 751 1139 782 A.
1155 747 1222 791 1]):

245 845 355 885 haec
379 835 557 898 prorsus
580 859 669 886 non
692 844 1006 897 intelliguntur
1026 846 1107 885 nisi
1130 846 1295 886 sciatur
1317 847 1420 900 quid
1442 847 1733 900 “Ephraim‚”

248 907 353 960 quid
373 912 397 927 “
411 907 662 960 Assyrius‚”
684 914 729 948 et
747 908 851 960 quid
872 912 896 927 “
910 907 1153 961 Aegyptus
1170 908 1204 948 :’'
1233 908 1496 949 describitur
1518 910 1575 949 ibi
1597 909 1730 951 intel·
1769 901 1771 905 ¹

245 968 436 1010 lectuale
454 971 675 1023 proprium
695 970 900 1018 hominis,
920 970 1038 1023 quod
1057 984 1134 1023 per
1151 971 1383 1011 ratiocinia
1401 985 1458 1011 ex
1477 971 1733 1013 scientificis

247 1034 460 1086 pervertit
484 1039 528 1073 et
552 1033 775 1073 adulterat
799 1033 917 1072 bona
935 1031 1177 1083 ecclesiae;
1207 1037 1231 1053 ‘⁴
1246 1033 1490 1086 Ephraim’'
1507 1040 1575 1074 est
1598 1034 1731 1075 intel-

244 1093 697 1148 lectuale,·‘Assyrius
709 1095 726 1110 ’³
738 1096 1034 1144 ratiocinatio,
1047 1101 1092 1136 et
1105 1095 1378 1149 “Aegyptus
1389 1095 1407 1111 ”
1418 1096 1731 1147 scientificum;

244 1159 346 1198 inde
375 1158 559 1199 “oleum
586 1159 628 1198 in
656 1158 921 1211 Aegyptum
949 1157 1117 1199 deferre
1130 1157 1149 1173 ''
1173 1165 1243 1199 est
1269 1159 1388 1199 bona
1413 1159 1629 1200 ecclesiae
1654 1173 1733 1213 per

242 1222 476 1262 ratiocinia
502 1235 560 1262 ex
585 1220 839 1261 scientificis
865 1227 1133 1274 pervertere.
1194 1220 1332 1274 Apud
1360 1221 1639 1271 Samariam,

311 1319 422 1350 “Vidi
440 1319 688 1350 candelabrum
703 1318 777 1349 auri
782 1343 874 1355 .....
882 1319 972 1350 duae
986 1304 1092 1350 oleae*
1101 1318 1202 1359 juxta
1218 1318 1263 1357 id,
1279 1329 1351 1350 una
1366 1329 1388 1350 a
1400 1319 1523 1350 dextra
1539 1319 1680 1360 lecythi,
1696 1325 1732 1351 et

415 1372 487 1393 una
503 1363 547 1393 ad
564 1362 743 1393 sinistram
757 1362 834 1401 ejus
848 1373 871 1393 2.
887 1386 894 1393 .
908 1386 915 1393 .
930 1362 981 1393 ,hi
998 1368 1081 1393 sunt
1094 1362 1164 1393 duo
1178 1362 1238 1393 filii
1256 1362 1325 1393 olei
1338 1369 1474 1394 stantes
1491 1362 1592 1403 juxta
1610 1363 1732 1394 Domi-

415 1415 499 1437 num
517 1406 625 1436 totius
642 1411 755 1436 terrae
767 1404 784 1416 ”
801 1406 860 1445 (iv.
875 1413 905 1443 2,
921 1413 951 1444 3,
968 1406 1040 1445 14):

244 1501 398 1541 “duae
435 1499 561 1541 oleae
577 1499 595 1515 ’'
632 1506 678 1540 et
712 1496 840 1540 “duo
878 1499 953 1540 filii
990 1499 1076 1540 olei
1091 1499 1110 1514 ”
1143 1505 1246 1540 sunt
1283 1499 1450 1540 bonum
1487 1500 1649 1540 amoris
1684 1501 1728 1541 in

242 1563 500 1611 Dominum,
538 1569 584 1604 et
625 1563 790 1603 bonum
827 1563 1058 1603 charitatis
1095 1576 1202 1615 erga
1241 1563 1510 1615 proximum,
1549 1562 1634 1603 hoc
1671 1563 1750 1604 ad·

240 1626 463 1666 sinistram
480 1625 635 1679 Ipsius,
651 1625 758 1666 illud
776 1625 833 1666 ad
849 1625 1059 1666 dextram
1079 1625 1233 1678 Ipsius.
1271 1624 1483 1666 Similiter
1496 1626 1539 1665 in
1553 1624 1593 1665 A
1595 1631 1728 1678 poca-

240 1687 368 1741 lypsi,

314 1776 394 1808 Duo
415 1782 522 1808 testes
542 1776 802 1817 prophetabant
820 1776 896 1808 dies
916 1776 1011 1808 mille
1031 1777 1202 1808 ducentos
1220 1774 1440 1816 1¹1sexaginta
1453 1785 1476 1812 :.
1490 1801 1497 1808 .
1512 1801 1520 1808 .
1534 1801 1541 1808 .
1553 1777 1621 1808 “hi
1641 1782 1724 1808 sunt

414 1820 504 1851 duae
521 1820 631 1858 oleae,
648 1826 683 1851 et
699 1820 768 1851 duo
786 1820 997 1851 candelabra
1015 1829 1134 1851 coram
1153 1819 1230 1851 Deo
1247 1825 1361 1851 terrae
1378 1819 1537 1851 stantia”
1554 1819 1614 1860 (xi.
1628 1828 1659 1859 3,
1672 1820 1726 1859 4):

241 1914 394 1955 “duae
425 1913 551 1955 oleae
564 1914 582 1930 ’'
608 1920 654 1955 et
682 1914 809 1955 “duo
835 1913 1105 1955 candelabra
1117 1913 1136 1929 ‘'
1161 1920 1266 1954 sunt
1297 1913 1454 1954 eadem
1486 1912 1562 1954 illa
1592 1913 1724 1962 bona,

240 1990 353 2031 quae
379 1978 481 2032 quia
511 1983 615 2017 sunt
647 1991 672 2017 a
704 1977 914 2026 Domino,
941 1982 1160 2017 vocantur
1186 1976 1312 2016 “duo
1337 1982 1479 2016 testes
1495 1975 1529 2027 ;”
1561 1975 1644 2017 sed
1670 1976 1727 2017 de

238 2040 306 2080 his
329 2039 455 2093 plura
475 2040 519 2080 in
541 2039 849 2093 explicatione
876 2052 1042 2080 eorum.
1099 2038 1323 2091 Quoniam
1348 2038 1566 2079 “oleum'’
1588 2039 1725 2092 signi-

239 2102 403 2143 ficabat
443 2102 611 2143 bonum
650 2103 815 2142 amoris
854 2102 897 2142 in
931 2101 1172 2143 Dominum
1212 2107 1258 2142 et
1296 2101 1463 2141 bonum
1496 2100 1726 2141 charitatis

238 2178 346 2218 erga
371 2165 641 2218 proximum,
668 2165 771 2205 ideo

312 2262 487 2294 Dominus
504 2262 724 2294 assimilabat
741 2272 890 2302 regnum
908 2262 1085 2294 caelorum
1102 2262 1224 2293 decem
1241 2261 1449 2302 virginibus,
1462 2270 1610 2302 quarum
1627 2261 1726 2302 quin-

412 2316 479 2347 que
492 2306 670 2337 habebant
684 2306 800 2337 oleum
813 2306 848 2337 in
861 2306 1094 2346 lampadibus,
1108 2311 1143 2336 et
1153 2305 1306 2346 quinque
1318 2314 1390 2336 non
1401 2305 1580 2336 habebant
1592 2314 1601 2344 ;
1617 2314 1725 2346 quare

410 2349 477 2380 hae
494 2355 666 2380 vocantur
682 2349 822 2387 stultae,
842 2356 878 2381 et
893 2349 974 2380 illae
990 2349 1181 2390 prudentes
1198 2347 1341 2389 (Matth.
1354 2358 1437 2381 xxv.
1453 2347 1568 2388 1—11):

237 2455 315 2496 per
342 2442 538 2483 “decem
564 2442 759 2494 virgines
772 2441 790 2457 ''
817 2441 1124 2495 significantur
1148 2454 1305 2482 omnes
1330 2440 1404 2495 qui
1435 2441 1492 2482 ab
1519 2440 1722 2490 ecclesia,

237 2512 283 2546 et
309 2519 387 2558 per
413 2504 674 2558 “quinque’'
700 2504 1008 2557 significantur
1033 2504 1167 2558 aliqui
1181 2517 1270 2557 ‚seu
1296 2517 1398 2557 pars
1423 2516 1591 2553 eorum,
1619 2516 1723 2544 nam

236 2567 347 2614 haec
379 2567 687 2620 significantur
718 2581 796 2620 per
827 2580 1035 2608 numeros
1062 2565 1288 2607 “decem”
1313 2572 1359 2607 et
1387 2565 1649 2620 “quinque'’
1679 2566 1722 2606 in

237 2630 405 2679 Verbo,
425 2643 476 2671 ac
499 2643 576 2683 per
596 2630 880 2682 “virginem”
898 2643 975 2670 seu
995 2633 1020 2650 ‘⁴
1034 2629 1168 2674 filiam
1179 2628 1199 2644 ‘’
1215 2627 1489 2682 significatur
1506 2628 1695 2669 ecclesia
1713 2642 1721 2678 ;

237 2707 315 2747 per
353 2692 568 2734 “oleum'’
605 2692 880 2745 significatur
916 2693 1082 2733 bonum
1118 2692 1281 2732 amoris
1315 2692 1359 2731 in
1396 2691 1640 2732 Dominum
1676 2698 1722 2732 et

236 2756 403 2796 bonum
426 2756 657 2796 charitatis
679 2768 787 2807 erga
810 2755 1077 2808 proximum,
1097 2761 1143 2795 et
1165 2767 1243 2807 per
1266 2753 1566 2806 “lampades”
1584 2755 1721 2806 signi—

237 2817 424 2859 ficantur
441 2831 545 2859 vera
562 2831 674 2871 quae
696 2817 797 2858 fidei
820 2824 1062 2868 vocantur;
1095 2817 1197 2857 inde
1215 2822 1422 2857 constare
1445 2822 1596 2869 potest
1616 2815 1720 2870 quid
