2008 3360
666 363 774 396 CAP.
798 364 876 405 vl„
900 364 1039 398 vens.
1063 364 1209 397 2.—N.
1235 347 1391 410 35'7[c].
1670 337 1777 411 ’693

279 475 323 517 in
337 476 452 517 veris
469 490 528 517 ex
547 476 667 516 bono
685 483 788 518 sunt
806 491 814 517 :
842 481 866 498 “
878 491 1007 519 arcus
1018 478 1039 493 '’
1051 478 1111 519 ibi
1127 485 1198 520 est
1212 476 1418 519 doctrina
1435 477 1547 527 falsi,
1564 481 1590 499 ‘⁴
1604 477 1745 520 telum
1758 477 1778 495 ’'

279 545 350 580 est
372 539 515 592 ipsum
539 539 712 587 falsum,
735 539 952 592 “jaculari
963 540 982 555 ”
1004 548 1073 582 est
1096 541 1264 590 fallere,
1288 555 1339 582 ac
1365 541 1619 582 “tenebrae
1630 541 1649 556 ”
1671 542 1777 583 sunt

278 603 570 655 apparentiae
587 616 596 651 ;
629 603 956 644 ratiocinantur
972 605 1092 645 enim
1110 618 1170 645 ex
1188 605 1464 657 apparentiis
1481 605 1525 644 in
1544 604 1713 645 mundo
1730 612 1777 646 et

278 678 337 706 ex
356 665 555 713 fallaciis,
575 665 848 718 applicando
867 668 1003 708 etiam
1023 681 1203 708 sensum
1226 667 1405 708 litterae
1424 667 1576 708 Verbi.
1637 667 1775 722 Apud

275 728 487 777 eundem,

347 826 369 841 ‘⁴
380 825 547 858 Gladium
560 826 698 858 nudant
707 826 818 867 impii,
833 833 868 858 et
882 828 1034 860 tendunt
1045 838 1165 860 arcum
1179 838 1282 860 suum
1294 828 1340 860 ad
1350 827 1591 868 dejiciendum
1605 828 1780 859 miserum

453 876 488 901 et
501 880 653 910 egenum
669 882 693 902 2.
708 895 716 902 .
730 895 738 902 .
752 871 906 911 ,gladius
920 881 1043 903 eorum
1058 872 1204 908 intrabit
1218 872 1253 903 in
1267 882 1330 903 cor
1339 881 1475 910 eorum,
1489 878 1525 903 et
1537 881 1638 904 arcus
1652 880 1776 903 eorum

451 913 693 954 frangentur'’
710 914 784 953 (Ps.
800 915 931 947 xxxvii.
953 924 1002 954 14,
1020 916 1092 956 15):

277 1026 356 1067 per
383 1012 620 1065 “gladium
634 1012 654 1027 ''
680 1012 957 1066 significatur
987 1013 1149 1054 falsum
1181 1027 1388 1067 pugnans
1420 1021 1580 1055 contra
1604 1005 1774 1064 verum,

276 1082 324 1116 et
342 1089 420 1129 per
438 1079 628 1116 “arcum
642 1075 661 1090 ‘’
679 1076 957 1129 significatur
975 1075 1182 1117 doetrina
1199 1076 1323 1128 falsi;
1358 1077 1452 1116 “ad
1476 1076 1776 1129 dejiciendum

277 1139 488 1180 miserum
519 1146 566 1179 et
599 1139 824 1191 egenum”
851 1139 1075 1191 significat
1107 1140 1164 1180 ad
1196 1139 1546 1193 pervertendum
1575 1139 1676 1180 illos
1701 1140 1776 1193 qui

276 1202 320 1242 in
342 1202 600 1255 ignorantia
622 1203 715 1242 veri
738 1209 784 1242 et
808 1203 912 1242 boni
939 1209 1043 1243 sunt
1062 1216 1070 1251 ;
1106 1202 1320 1255 “gladius
1342 1216 1496 1243 eorum
1520 1203 1775 1253 intrabit-in

277 1278 355 1306 cor
385 1278 538 1306 eorum
551 1265 571 1279 ''
602 1264 827 1318 significat
859 1266 979 1319 quod
1011 1266 1192 1318 perituri
1224 1266 1314 1306 sint
1346 1279 1406 1306 ex
1438 1279 1519 1306 suo
1550 1265 1691 1317 salso;
1728 1273 1775 1307 et

278 1333 449 1370 “arcus
484 1342 638 1369 eorum
676 1328 940 1381 frangentur
954 1328 973 1343 ’¹
1010 1328 1234 1381 significat
1270 1329 1391 1382 quod
1431 1326 1636 1369 doctrina
1677 1329 1776 1370 falsi

275 1405 429 1433 eorum
456 1391 758 1445 dissipabitur,
787 1392 906 1445 quod
933 1392 1069 1432 etiam
1097 1390 1146 1432 fit
1174 1399 1276 1445 post
1302 1405 1542 1432 excessum
1569 1406 1724 1433 eorum
1741 1406 1774 1441 'e

278 1456 445 1496 mundo
463 1469 472 1505 ;
500 1463 607 1496 tunc
625 1454 736 1495 falsa
755 1455 949 1508 perdunt
967 1469 1060 1502 θος,
1078 1461 1123 1495 et
1139 1453 1345 1495 dostrina
1362 1462 1579 1509 quantum
1597 1456 1653 1495 ad
1669 1448 1776 1497 veta

278 1518 505 1572 applicata
526 1518 646 1559 falsis
672 1519 925 1571 dissipatur.
987 1517 1124 1571 Apud
1150 1518 1358 1567 eundem,

345 1618 446 1660 '‘Qui
470 1624 603 1650 acuunt
628 1618 718 1649 sicut
735 1618 893 1658 gladium
920 1618 1076 1657 linguam
1096 1627 1209 1655 suam,
1231 1618 1382 1649 tendunt
1406 1618 1516 1649 telum
1541 1628 1645 1650 suum
1663 1619 1775 1651 verbo

449 1672 585 1700 amaro,
606 1669 644 1693 ut
662 1662 865 1702 jaculentur
885 1662 920 1692 in
941 1661 1097 1692 latibulis
1116 1659 1327 1701 [¹lintegrum
1340 1660 1358 1673 ”
1377 1661 1453 1701 (Ps.
1467 1661 1550 1694 lxiv.
1563 1671 1595 1701 4,
1612 1670 1628 1701 5
1649 1660 1711 1704 [Β.
1724 1663 1771 1694 A.

451 1714 483 1745 3,
497 1704 570 1747 4]):

276 1796 377 1850 quia
396 1799 421 1816 ⁴⁴
437 1795 646 1848 gladius'’
663 1794 884 1848 significat
903 1794 1063 1835 salsum
1083 1808 1289 1848 pugnans
1311 1801 1472 1836 contra
1485 1808 1654 1843 verum,
1671 1796 1774 1837 ideo

275 1860 450 1907 dicitur,
490 1858 707 1899 “Acuunt
748 1860 862 1899 sicut
904 1858 1104 1911 gladium
1143 1858 1341 1911 linguam
1379 1872 1504 1899 suam
1523 1858 1558 1909 ;”
1587 1865 1634 1900 et
1671 1859 1774 1912 quia

276 1926 301 1942 ‘⁴
318 1922 458 1963 telum
470 1921 490 1937 '⁹
511 1921 735 1975 significat
762 1922 919 1962 falsum
948 1920 1194 1968 doctrinae,
1222 1921 1324 1962 ideo
1349 1921 1511 1962 dicitur
1538 1922 1772 1963 “tendunt

275 1985 416 2025 telum
439 1998 564 2024 suum
589 1985 728 2025 verbo
750 1998 905 2025 amaro
922 1984 955 2034 ;”
984 1983 1201 2037 “jaculari
1228 1984 1270 2024 in
1295 1983 1493 2025 latibulis
1514 1982 1773 2037 integrum’'

274 2048 418 2088 simile
454 2047 679 2100 significat
716 2048 836 2101 quod
875 2061 1007 2101 supra
1046 2047 1268 2100 “jaculari
1307 2048 1351 2087 in
1389 2048 1586 2088 tenebris
1623 2045 1773 2089 reno-s

274 2110 451 2159 corde,''
468 2124 629 2164 nempe
647 2111 799 2151 fallere
822 2111 922 2151 illos
941 2111 1014 2164 qui
1036 2111 1080 2150 in
1099 2111 1214 2150 veris
1230 2124 1290 2151 ex
1308 2110 1429 2151 bono
1450 2116 1569 2151 sunt.
1630 2110 1769 2164 Apud

273 2174 537 2223 Jeremiczm,

343 2275 365 2289 ‘¹
376 2274 513 2306 Omnes
527 2274 771 2311 moechantes,
789 2279 988 2305 conventus
1002 2272 1228 2313 perfidorum,
1244 2273 1303 2313 qui
1319 2273 1471 2305 tendunt
1483 2273 1641 2314 linguam
1656 2283 1769 2312 suam,

448 2328 551 2350 arcus
564 2328 688 2349 eorum
702 2318 936 2353 mendacium.
953 2326 1066 2357 neque
1080 2317 1116 2347 in
1128 2316 1314 2348 veritatem
1326 2317 1601 2357 praevaluerunt
1616 2317 1650 2348 in
1665 2324 1770 2356 terra,

449 2362 532 2403 quia
556 2372 578 2393 a
602 2362 696 2393 malo
714 2362 750 2393 in
772 2362 905 2392 malum
926 2367 1071 2398 exeunt,
1091 2370 1156 2391 nec
1178 2360 1238 2391 Me
1262 2367 1442 2392 noverunt
1452 2360 1470 2373 ’'
1486 2361 1546 2400 (ix.
1563 2369 1591 2398 1,
1607 2369 1626 2392 2
1648 2359 1709 2403 [B.
1722 2362 1769 2393 A.

449 2414 480 2444 2,
496 2403 567 2447 3])=

274 2515 353 2555 per
372 2505 397 2522 ‘⁴
413 2501 725 2549 moechantes,
745 2506 1021 2542 conventum
1039 2498 1350 2553 perfidorum‚”
1366 2500 1682 2554 intelliguntur
1699 2501 1772 2555 qui

273 2564 511 2606 falsificant
548 2565 834 2617 cognitiones
871 2563 963 2603 veri
1000 2569 1046 2603 et
1087 2563 1220 2613 boni;
1266 2563 1631 2604 “moechantes‘’
1668 2570 1772 2604 sunt

274 2629 347 2682 qui
369 2628 608 2668 falsificant
633 2627 919 2679 cognitiones
943 2625 1048 2672 veri,
1073 2632 1118 2666 et
1144 2625 1370 2679 “perfidi’'
1392 2627 1465 2679 qui
1488 2627 1772 2679 cognitiones

274 2691 406 2741 boni;
454 2691 511 2732 de
552 2691 619 2731 his
659 2691 820 2730 dicitur
857 2689 978 2742 quod
1021 2692 1046 2708 ‘¹
1063 2688 1255 2730 tendant
1294 2688 1534 2741 linguam.”
1565 2696 1611 2729 et
1652 2689 1771 2742 quod

276 2758 301 2774 ‘⁴
315 2768 443 2795 arcus
460 2767 614 2795 eorum
635 2753 916 2793 mendacium
934 2751 968 2801 ;”
992 2755 1158 2791 “arcus
1168 2751 1188 2766 ”
1205 2758 1274 2792 est
1292 2750 1497 2794 doctrina
1515 2752 1632 2792 unde
1651 2752 1771 2805 prin—

274 2818 389 2871 cipia
425 2817 538 2865 salsi,
571 2823 618 2857 et
653 2814 1010 2856 “mendacium’'
1042 2821 1112 2854 est
1144 2814 1330 2864 falsum;
1372 2821 1418 2855 et
1455 2815 1558 2855 inde
1595 2828 1771 2867 quoque

274 2882 450 2929 dicitur,
477 2886 502 2901 ‘⁴
517 2893 606 2921 non
632 2881 674 2919 in
697 2879 938 2919 veritatem
962 2877 1306 2930 praevaluerunt
1329 2878 1372 2918 in
1395 2876 1553 2924 terra,''
1576 2878 1660 2918 hoc
1684 2884 1769 2925 est,

274 2945 318 2986 in
350 2944 543 2985 ecclesia
574 2944 646 2983 ubi
678 2942 873 2995 genuina
903 2953 1034 2981 vera:
1073 2940 1194 2994 quod
1227 2940 1343 2981 tales
1375 2941 1464 2981 sint
1496 2941 1570 2993 qui
1601 2941 1645 2980 in
1677 2940 1772 2980 vita

274 3006 379 3048 mali
393 3014 512 3056 sunt,
528 3013 574 3047 et
590 3019 679 3046 non
695 3011 949 3057 agnoscunt
966 3003 1224 3053 Dominum,
1240 3001 1518 3056 significatur
1532 3016 1610 3056 per
1628 3002 1769 3056 “quia
