2008 3360
611 269 718 302 CAP.
741 269 822 311 vt,
845 269 984 303 VERS.
1006 259 1154 302 6.-Ν,
1181 256 1338 314 376[c].
1640 268 1718 312 771

231 379 455 436 (similiter
490 394 542 423 ac
586 381 752 431 Genes„
787 396 882 436 cap.
916 380 1086 436 xlix.);
1126 387 1172 422 et
1210 395 1288 435 per
1325 383 1350 401 ‘⁴
1367 379 1579 421 Israelem
1594 379 1614 395 ''
1650 380 1721 421 hic

229 444 504 498 significatur
520 445 616 498 ipsa
638 445 854 495 ecclesia3
882 451 927 486 et
950 459 1028 499 per
1047 445 1287 485 “habitare
1310 457 1478 490 secure,
1497 442 1722 484 solitarius

228 510 284 550 ad
320 509 492 550 fontem
522 508 717 562 Jacobi,''
748 509 1024 562 significatur
1054 510 1204 550 vivere
1235 508 1403 562 absque
1434 507 1723 548 infestatione

228 586 254 613 a
275 571 405 612 malis
422 577 468 612 et
490 571 625 621 falsis,
645 585 695 612 ac
715 571 815 612 duci
837 586 863 613 a
884 572 983 613 solo
1000 572 1202 613 Domino
1224 585 1302 625 per
1320 570 1532 611 Divinum
1551 569 1722 611 Verum

227 633 387 688 (“sons
415 633 603 687 Jacobi’'
634 641 704 676 est
737 634 948 676 Divinum
981 634 1166 679 Verum.
1198 648 1250 675 ac
1281 633 1534 687 Verbum);
1566 640 1613 674 et
1645 647 1723 687 per

230 698 418 738 “vivere
454 698 498 737 in
534 703 654 738 terra
689 698 898 739 frumenti
935 705 981 739 et
1018 699 1152 739 musti
1167 697 1187 713 ’'
1218 695 1494 751 significatur
1525 697 1568 737 in
1600 697 1722 737 omni

226 760 348 802 bono
373 767 419 802 et
444 775 551 802 vero
577 761 820 812 ecclesiae;
854 768 899 803 et
926 775 1004 815 per
1028 761 1202 803 “etiam
1229 760 1341 802 caeli
1367 759 1459 814 ejus
1485 759 1721 801 stillabant

227 823 405 865 rorem”
430 823 707 878 significatur
732 824 926 864 influxus
951 838 975 865 e
1001 823 1141 865 caelo.
1200 822 1341 878 Apud
1366 823 1573 871 eundem,

295 921 318 935 ‘¹
330 919 498 961 Equitare
508 920 591 952 feeit
602 930 683 952 eum
694 930 800 960 super
809 921 958 953 excelsis
968 920 1119 958 terrae,”
1127 946 1134 953 .
1149 945 1157 953 .
1169 945 1179 952 .
1193 927 1243 952 .et
1251 920 1348 952 dedit
1361 922 1383 935 ‘⁶
1393 921 1558 960 butyrum
1570 920 1722 951 armenti

400 970 436 995 et
455 964 509 996 lac
527 964 646 1004 gregis
663 974 742 995 cum
759 964 862 1004 adipe
879 974 1054 1004 agnorum
1074 970 1110 996 et
1128 965 1277 996 arietum
1297 964 1450 996 filiorum
1472 963 1667 995 Baschanis
1688 970 1723 995 et

400 1007 590 1045 hircorum,
605 1017 684 1039 cum
695 1007 799 1048 adipe
810 1018 935 1039 renum
947 1008 1062 1046 tritici,
1077 1014 1112 1040 et
1125 1008 1336 1049 sanguinem
1348 1017 1439 1039 uvae
1452 1007 1544 1039 bibis
1556 1017 1691 1038 merum
1703 1007 1721 1017 ''

401 1051 537 1092 (Deutr.
551 1052 659 1083 xxxii.
677 1060 726 1090 13,
746 1052 818 1091 14):

228 1144 338 1186 haec
357 1143 477 1186 dicta
494 1152 598 1185 sunt
616 1145 672 1186 de
691 1144 895 1199 Antiqua
914 1145 1132 1192 Ecclesia,
1149 1158 1262 1199 quae
1279 1145 1416 1186 etiam
1434 1144 1514 1186 suit
1531 1143 1723 1186 ecclesia

227 1214 334 1249 ante
366 1207 674 1255 Israeliticam,
702 1215 748 1249 et
780 1209 859 1249 fuit
890 1209 934 1249 in
966 1209 1086 1249 bono
1111 1208 1344 1250 charitatis
1373 1214 1419 1249 et
1445 1208 1560 1249 veris
1592 1207 1693 1249 fidei
1711 1223 1721 1258 ;

229 1271 349 1311 bona
379 1272 524 1329 omnis
555 1272 746 1324 generis,
773 1271 817 1311 in
850 1272 1007 1325 quibus
1038 1278 1150 1319 erat,
1176 1271 1491 1324 intelliguntur
1522 1285 1600 1325 per
1631 1270 1720 1317 illa,

228 1345 392 1387 nempe
409 1347 487 1387 per
503 1334 752 1387 “butyrum
771 1334 1001 1383 armenti‚’'
1018 1339 1042 1354 “
1056 1334 1124 1375 lac
1142 1333 1332 1388 gregis‚”
1348 1334 1563 1388 “adipem
1578 1347 1721 1387 agno-

227 1396 363 1445 rum,‘’
376 1397 583 1450 “adipem
597 1396 826 1444 arietum,'’
840 1397 1047 1450 “adipem
1062 1397 1322 1446 hircorum‚”
1335 1401 1359 1417 “
1372 1397 1551 1451 adipem
1566 1410 1722 1438 renum

224 1458 403 1508 tritici?
413 1472 464 1500 ac
476 1472 582 1500 vera
596 1458 841 1513 spiritualia
855 1472 935 1512 per
948 1463 973 1480 “
987 1460 1250 1513 sanguinem
1264 1473 1377 1502 uvae
1386 1460 1407 1475 ”
1417 1467 1464 1502 et
1477 1465 1502 1481 “
1514 1459 1724 1502 merum.”

228 1521 368 1576 Apud
393 1521 655 1570 Jeremiam,

295 1617 483 1650 “Venient
496 1624 531 1649 et
547 1623 676 1649 canent
693 1618 727 1648 in
741 1616 928 1648 altitudine
942 1616 1075 1654 Zionis,
1091 1622 1126 1648 et
1142 1615 1322 1648 confluent
1337 1616 1382 1648 ad
1400 1617 1533 1647 bonum
1546 1604 1719 1657 Jehoxiae,

401 1662 447 1693 ad
462 1662 617 1693 triticum
630 1667 666 1692 et
678 1661 723 1692 ad
741 1667 896 1692 mustum
911 1666 946 1691 et
958 1660 1003 1692 ad
1016 1660 1132 1691 oleum
1147 1666 1182 1691 et
1194 1660 1239 1691 ad
1255 1659 1346 1692 filios
1359 1660 1478 1701 gregis
1492 1665 1527 1691 et
1539 1659 1693 1691 armenti
1702 1658 1722 1671 '’

400 1706 510 1745 (xxxi.
527 1705 600 1745 12)-:
1406 1732 1433 1743 s

228 1805 306 1848 per
325 1796 350 1814 “
364 1793 575 1842 triticum,
595 1800 806 1841 mustum,
826 1799 870 1834 et
890 1792 1039 1833 oleum
1051 1792 1070 1807 ”
1088 1791 1395 1846 significantur
1412 1793 1531 1833 bona
1553 1798 1599 1834 et
1616 1806 1722 1833 vera

228 1855 375 1895 omnis
397 1856 578 1908 generis
600 1865 693 1903 (quid
705 1865 736 1894 in
749 1865 853 1903 specie
866 1865 1010 1894 videatur
1021 1874 1127 1906 supra!
1140 1874 1170 1894 n.
1187 1863 1297 1906 374).
1355 1850 1495 1908 Apud
1513 1853 1719 1902 Esaiavl,

297 1948 468 1990 “Juravit
490 1948 652 1990 Jehovah
677 1959 740 1989 per
762 1949 922 1980 dextram
948 1957 1062 1985 suam,
1084 1953 1119 1979 et
1143 1958 1205 1988 per
1227 1948 1409 1980 brachium
1434 1949 1574 1980 roboris
1598 1950 1664 1987 sui,
1687 1949 1723 1980 Si

402 1993 534 2023 dedero
549 1992 768 2024 frumentum
787 1999 886 2023 tuum
904 1991 1056 2032 amplius
1070 1992 1185 2022 cibum
1201 1991 1376 2030 hostibus,
1393 1999 1428 2023 et
1444 1993 1474 2024 si
1490 1993 1644 2024 biberint
1661 1993 1723 2024 filii

403 2035 626 2076 alienigenae
637 2042 794 2067 mustum
805 2042 916 2072 tuum,
932 2045 996 2075 pro
1007 2045 1076 2075 quo
1086 2035 1256 2067 laborasti
1270 2045 1278 2074 ;
1297 2036 1360 2067 sed
1371 2036 1430 2077 qui
1441 2036 1613 2077 colligunt
1623 2035 1720 2074 illud,

403 2080 592 2111 comedent
620 2080 716 2117 illud,
744 2087 779 2111 et
806 2080 1001 2110 laudabunt
1024 2078 1211 2120 Jehovam.
1238 2085 1273 2111 et
1296 2079 1355 2120 qui
1378 2086 1601 2120 congregant
1624 2081 1720 2117 illud,

403 2123 526 2154 bibent
543 2123 630 2155 illud
648 2123 684 2154 in
701 2124 800 2155 atriis
819 2121 1018 2154 sanc'titatis
1030 2122 1048 2133 ⁷¹
1065 2122 1150 2162 (lxii.
1165 2120 1229 2161 1¹18,
1246 2123 1299 2164 9):

231 2218 342 2259 haec
369 2218 425 2258 de
454 2217 784 2270 Hierosolyma,
809 2232 886 2271 per
912 2229 1044 2270 quam
1067 2216 1342 2270 significatur
1363 2218 1553 2260 ecclesia
1574 2220 1723 2273 quoad

229 2279 510 2331 doetrinam;
554 2294 691 2335 quare
727 2294 805 2334 per
839 2280 1150 2320 “frumentum
1165 2279 1184 2295 ”
1216 2281 1336 2334 quod
1375 2285 1507 2322 “non
1546 2283 1724 2323 dabitur

230 2343 419 2397 amplius
437 2344 561 2384 cibus
579 2342 821 2391 hostibus‚”
839 2349 884 2384 et
903 2357 980 2396 per
999 2346 1024 2362 ‘⁴
1038 2349 1232 2384 mustum
1244 2343 1264 2358 ''
1280 2345 1400 2398 quod
1421 2349 1445 2364 ‘⁴
1460 2359 1548 2386 non
1567 2346 1723 2387 bibent

230 2406 306 2447 filii
342 2406 662 2460 alienigenae,'’
693 2406 968 2460 significatur
1006 2406 1049 2446 in
1086 2419 1253 2459 genere
1289 2408 1455 2448 bonum
1493 2415 1538 2450 et
1570 2423 1722 2450 verum

230 2469 463 2519 ecclesiae,
482 2482 596 2524 quae
617 2483 708 2511 non
732 2469 921 2523 amplius
940 2476 1260 2511 consumentur
1280 2484 1358 2524 per
1377 2471 1495 2512 mala
1517 2478 1563 2513 et
1585 2472 1695 2514 falsa
1713 2488 1722 2523 ;

232 2531 425 2572 “hostes
437 2532 528 2572 ”ibi
543 2539 646 2573 sunt
662 2532 794 2580 mala,
810 2538 856 2573 et
873 2536 897 2552 ‘⁴
910 2531 985 2572 filii
1000 2531 1280 2586 alienigenae
1291 2533 1311 2549 ’'
1324 2534 1448 2583 falsa,
1465 2549 1515 2576 ac
1533 2539 1559 2556 “
1572 2549 1722 2577 come-

231 2594 336 2635 dere
347 2594 454 2635 ”seu
466 2593 678 2636 “fficibum
693 2595 780 2636 illis
794 2594 910 2635 dari''
921 2608 972 2635 ac
985 2599 1011 2615 ‘¹
1021 2595 1174 2636 bibere
1184 2595 1205 2611 ”
1216 2602 1559 2639 estconsumere
1576 2613 1585 2648 3
1604 2599 1723 2652 quod

229 2657 350 2698 bona
372 2663 421 2698 et
446 2672 553 2699 vera
578 2671 788 2699 mansura
813 2658 903 2698 sint
930 2658 1048 2711 apud
1079 2657 1180 2700 illos
1205 2660 1278 2714 qui
1309 2661 1528 2714 recipiunt
1554 2661 1643 2709 illa,
1671 2675 1722 2702 ac

229 2732 356 2760 usum
395 2721 500 2761 inde
539 2721 721 2769 faciunt,
764 2719 1042 2773 significatur
1081 2734 1159 2774 per
1199 2725 1224 2742 “
1240 2723 1312 2776 qui
1353 2723 1573 2777 colligunt
1613 2723 1723 2764 illud

229 2783 472 2824 comedent
491 2783 614 2833 illud,
633 2790 679 2825 et
697 2784 769 2837 qui
787 2789 1070 2836 congregant
1087 2783 1196 2825 illud
1217 2785 1374 2827 bibent
1391 2786 1499 2827 illud
1518 2786 1551 2837 ;''
1576 2786 1723 2827 cultus

233 2857 291 2885 ex
324 2845 410 2886 illis
441 2846 717 2900 significatur
747 2860 826 2900 per
853 2846 1075 2888 “laudare
1103 2847 1356 2901 Jehovam‘'
1381 2856 1428 2891 et
1456 2850 1647 2890 “bibere
1678 2850 1723 2890 in

230 2908 354 2949 atriis
379 2908 667 2950 sanffltatisss.
731 2909 866 2963 Apud
893 2910 1100 2958 eundem,
