2008 3360
660 346 766 378 CAP.
791 346 892 387 vn„
916 346 1054 378 VERS.
1077 337 1225 378 6.—-N.
1247 348 1344 390 439.
1647 347 1663 377 1
1676 346 1750 389 107

253 459 374 513 quod
401 460 457 500 sit
484 460 681 500 tentatio
707 466 752 501 et
778 466 926 500 status
952 465 1055 513 post
1082 458 1233 510 illam;
1265 464 1313 500 et
1345 458 1447 512 quia
1471 458 1751 499 tentationes

253 522 364 564 fiunt
383 530 567 576 propter
581 517 989 576 regenerationem,
1005 523 1142 563 etiam
1161 522 1446 576 regeneratio
1458 535 1537 574 per
1556 524 1580 541 ‘⁴
1595 521 1751 574 Naph-

253 584 369 625 thali
381 583 401 599 ’⁹
431 583 726 637 significatur.
780 595 894 633 (Quod
912 595 967 632 qui
986 599 1215 633 regenerantur
1239 594 1430 624 tentationes
1449 595 1594 628 subeant,
1610 594 1755 623 videatur

251 648 285 677 in
300 648 459 678 Doc‘trina
473 649 584 677 Novae
602 648 848 686 Hierosolymae,
864 658 895 679 n.
922 648 1090 687 187—201).
1158 636 1297 690 Quod
1331 641 1356 657 ‘⁶
1371 636 1634 690 Naphthall
1646 636 1666 650 n
1704 643 1751 677 et

251 699 356 741 inde
381 700 524 740 tribus
550 700 607 740 ab
633 699 712 740 illo
735 700 969 740 nominata
994 698 1218 753 significet
1245 699 1550 740 tentationem
1577 704 1624 739 et
1657 704 1751 739 sta-

252 769 347 803 tum
385 769 489 815 post
522 762 661 811 illam,
700 763 888 815 proinde
925 763 1063 803 etiam
1096 763 1503 816 regenerationem,
1543 768 1752 802 constare

252 832 406 879 potest
427 840 486 867 ex
515 826 728 867 Rachelis
750 826 898 867 verbis
920 826 1102 880 quando
1125 826 1256 866 Bilha
1275 825 1440 867 ancilla
1461 825 1555 878 ejus
1577 825 1752 878 peperit

251 889 391 938 illum,
419 903 532 943 quae
558 889 669 931 haec
697 896 828 930 sunt:

321 987 343 1000 ‘⁴
356 986 401 1018 Et
419 986 583 1026 concepit
602 987 717 1018 adhuc
737 992 772 1017 et
794 987 932 1027 peperit
958 986 1062 1018 Bilha
1080 986 1211 1018 ancilla
1235 985 1400 1018 Rachelis
1425 986 1533 1017 filium
1555 985 1751 1018 secundum

425 1029 562 1072 Jacobo
576 1041 582 1062 :
609 1036 644 1061 et
657 1030 746 1062 dixit
766 1030 910 1067 Rachel,
928 1029 1198 1062 Luctationibus
1212 1030 1279 1061 Dei
1296 1029 1429 1061 luctata
1442 1040 1521 1061 sum
1535 1040 1615 1061 cum
1629 1039 1752 1061 sorore

426 1083 518 1111 mea,
537 1080 573 1105 et
590 1074 686 1105 valui
700 1083 708 1112 ;
732 1081 767 1105 et
785 1074 926 1105 vocavit
942 1084 1075 1105 nomen
1092 1074 1170 1114 ejus
1189 1073 1411 1115 Naphthali”
1428 1074 1525 1114 (Gen.
1539 1084 1621 1106 xxx.
1638 1081 1667 1112 7,
1683 1074 1715 1114 8)
1729 1085 1734 1105 ;

253 1165 566 1208 “1υξὶειῒίοηεε
607 1166 725 1208 Dei'’
763 1166 1019 1220 significant
1061 1167 1342 1208 tentationes
1379 1166 1661 1220 spirituales;
1704 1173 1750 1208 et

251 1231 354 1284 quia
380 1230 553 1271 Rachel
580 1231 951 1284 repraesentabat
974 1230 1215 1272 ecclesiam
1241 1231 1465 1271 internam
1488 1244 1601 1284 quae
1623 1231 1750 1283 spiri-

251 1294 399 1342 tualis,
430 1301 476 1335 et
509 1293 635 1334 Leah
667 1294 904 1334 ecclesiam
937 1300 1177 1334 externam
1210 1307 1324 1347 quae
1357 1293 1589 1342 naturalis,
1622 1300 1751 1346 patet

251 1358 356 1411 quid
393 1357 670 1410 significatur
701 1371 779 1410 per
811 1357 930 1411 quod
970 1357 1143 1398 Rachel
1175 1355 1346 1398 luc'tata
1377 1358 1434 1397 sit
1467 1370 1567 1398 cum
1599 1371 1750 1399 sorore

251 1434 331 1461 sua
366 1426 413 1461 et
447 1421 568 1474 quod
605 1420 811 1468 valuerit,
845 1420 964 1474 quod
1003 1433 1164 1472 nempe
1202 1419 1443 1473 spiritualis
1480 1419 1617 1460 homo
1650 1432 1748 1460 cum

206 1532 210 1538 ι
251 1483 444 1524 naturali
475 1484 771 1537 pugnaverit;
805 1484 950 1524 omnis
976 1483 1094 1524 enim
1122 1483 1319 1524 tentatio
1350 1489 1420 1523 est
1452 1496 1605 1535 pugna
1634 1483 1751 1523 inter

251 1546 528 1599 spiritualem
555 1547 785 1588 hominem
811 1554 856 1587 et
883 1546 1162 1596 naturalem;
1194 1545 1436 1598 spiritualis
1462 1547 1580 1586 enim
1613 1546 1750 1587 homo

198 1661 202 1663 ἡ
250 1605 374 1651 am'at
400 1616 446 1651 et
472 1610 570 1651 vult
596 1610 673 1651 illa
698 1624 812 1664 quae
840 1609 951 1650 caeli
978 1616 1097 1657 sunt,
1125 1622 1228 1649 nam
1255 1608 1329 1650 ille
1356 1616 1426 1649 est
1458 1610 1502 1649 in
1529 1608 1670 1657 caelo,
1697 1622 1748 1649 ac

251 1673 466 1715 naturalis
491 1674 630 1714 homo
651 1680 774 1714 amat
798 1680 843 1714 et
866 1672 962 1714 vult
985 1672 1061 1713 illa
1083 1686 1196 1726 quae
1219 1672 1373 1712 mundi
1399 1679 1518 1720 sunt,
1543 1685 1647 1712 nam
1674 1671 1749 1713 ille

249 1743 320 1778 est
351 1738 395 1777 in
422 1737 617 1788 mundo;
650 1737 754 1777 inde
781 1737 1002 1777 desideria
1030 1737 1259 1790 utriusque
1291 1742 1394 1776 sunt
1422 1736 1657 1788 opposita;
1689 1749 1748 1776 ex

249 1814 305 1841 eo
345 1807 414 1841 est
455 1800 628 1841 collisio
668 1807 714 1841 et
757 1813 909 1853 pugna
949 1813 1063 1852 quae
1100 1805 1289 1839 vocatur
1329 1800 1538 1840 tentatio.
1615 1798 1749 1851 Quod

252 1863 575 1916 “Naphthali’'
601 1863 825 1916 significet
858 1863 1160 1903 tentationem
1193 1868 1239 1903 et
1271 1868 1441 1903 statum
1474 1868 1577 1915 post
1609 1862 1746 1909 illam,

250 1933 296 1968 et
322 1927 425 1967 inde
451 1928 857 1980 regenerationem,
882 1933 1091 1967 constare
1117 1926 1262 1967 adhuc
1289 1932 1443 1978 potest
1470 1940 1529 1966 ex
1555 1939 1747 1981 sequen-

250 1990 369 2031 tibus
395 1990 504 2031 locis
522 1989 667 2030 :—Ex
694 1988 1008 2030 benedictione
1035 1988 1126 2042 ejus
1152 1989 1209 2030 ab
1235 1989 1402 2030 Isra'ele
1429 1996 1573 2042 patre,

319 2087 342 2101 ‘⁸
353 2086 546 2127 Naphthali
563 2096 669 2118 cerva
685 2087 851 2124 demissa,
872 2086 962 2117 dans
979 2095 1166 2117 sermones
1183 2085 1382 2126 elegantiae
1393 2085 1411 2097 ’'
1427 2086 1523 2126 (Gen.
1540 2086 1624 2118 xlix.
1641 2086 1714 2128 21):

253 2182 574 2235 “Naphthali”
605 2183 675 2223 hic
714 2181 937 2236 significat
975 2188 1145 2222 statum
1183 2188 1286 2235 post
1323 2180 1642 2232 tentationem,
1669 2184 1747 2237 qui

250 2252 397 2287 status
428 2252 498 2287 est
536 2245 694 2299 plenus
728 2246 894 2299 gaudio
925 2259 984 2285 ex
1016 2243 1252 2286 affefflone
1283 2246 1402 2299 quod
1440 2247 1669 2299 spirituale
1701 2254 1747 2287 et

250 2309 454 2350 naturale
481 2322 531 2349 ac
563 2310 730 2350 bonum
763 2316 809 2349 et
835 2321 989 2349 verum
1017 2307 1256 2361 conjuneta
1281 2310 1384 2358 sint,
1412 2309 1753 2363 conjunguntur·

245 2373 370 2413 *enim
403 2385 481 2425 per
506 2373 787 2413 tentationes
808 2386 817 2422 ;
852 2376 1024 2412 “cerva
1049 2372 1245 2413 demissa
1256 2372 1275 2387 ”
1301 2372 1526 2425 significat
1559 2373 1751 2414 liberum

250 2433 497 2476 affectionis
516 2435 758 2486 naturalis;
793 2435 943 2475 “dans
966 2448 1197 2476 sermones
1220 2434 1475 2488 elegantiae
1488 2436 1507 2452 '’
1524 2436 1746 2490 significat

251 2496 474 2537 laetitiam
500 2498 679 2538 mentis.
739 2507 818 2545 (Sed
832 2508 912 2536 haec
927 2507 1063 2544 amplius
1078 2507 1235 2544 explicata
1246 2508 1415 2537 videantur
1427 2508 1460 2537 in
1474 2509 1614 2538 Arcanis
1631 2510 1749 2538 Caeles-

249 2566 339 2600 tibus,
355 2574 386 2595 n.
402 2566 609 2604 6412—6414.)
667 2555 730 2596 Et
756 2568 935 2608 quoque
961 2568 1021 2594 ex
1047 2554 1366 2596 benedictione
1390 2555 1486 2608 ejus
1511 2570 1537 2597 a
1563 2556 1709 2605 Mose,

318 2650 342 2664 ‘⁴
354 2649 399 2682 Et
413 2649 605 2690 Naphthali
619 2650 718 2687 dixit,
737 2649 930 2690 Naphthali
947 2655 1044 2681 satur
1056 2650 1292 2691 beneplacito,
1309 2657 1343 2683 et
1357 2651 1483 2692 plenus
1496 2650 1746 2683 benedictione

422 2693 582 2736 Jehovae
596 2703 603 2733 ς
628 2694 850 2736 occidentem
867 2699 903 2725 et
919 2693 1103 2725 meridiem
1121 2694 1293 2735 posside”
1309 2695 1446 2735 (Deutr.
1460 2696 1582 2728 xxxiii.
1598 2696 1671 2735 23):

250 2787 386 2828 etiam
411 2787 483 2829 hic
506 2788 771 2829 describitur
792 2793 938 2828 status
965 2793 1068 2840 post
1092 2789 1410 2839 tentationem,
1434 2789 1554 2843 quod
1582 2802 1744 2842 nempe

184 2871 197 2883 .
250 2850 521 2903 impleantur
542 2851 664 2892 omni
690 2851 810 2892 bono
832 2851 994 2891 amoris
1018 2857 1064 2892 et
1085 2852 1202 2892 veris
1223 2852 1326 2893 inde
1347 2867 1356 2903 ;
1389 2866 1493 2893 nam
1517 2859 1619 2906 post
1642 2858 1743 2893 ten-

250 2914 447 2955 tationes
473 2914 610 2955 homo
635 2913 848 2966 impletur
872 2913 1050 2967 gaudio,
1078 2927 1129 2955 ac
1155 2915 1273 2968 apud
1305 2915 1429 2956 illum
1455 2914 1745 2957 fructificatur

249 2977 417 3018 bonum
443 2983 490 3019 et
516 2977 841 3030 multiplicatur
861 2990 1042 3029 verum;
1074 2977 1247 3031 impleri
1272 2979 1393 3020 bono
1419 2980 1582 3020 amoris
1608 2977 1743 3019 intel-
