2008 3360
232 329 340 359 1020
641 328 973 360 APOCALYPSIS
1007 328 1304 361 EXPLICATA.

226 440 330 483 ficat
356 455 508 482 verum
535 456 592 482 ex
619 441 785 489 Verbo,
810 448 855 481 et
881 442 1127 494 “spiritus'’
1149 441 1371 495 signifieat
1395 442 1534 482 vitam
1557 455 1714 483 secun-

227 503 335 544 dum
371 503 496 543 illud.
569 515 681 552 (Quod
702 511 718 522 '¹
733 514 843 551 aqua''
864 514 1019 552 significet
1038 523 1157 550 verum,
1177 515 1320 544 videatur
1338 523 1443 552 supra,
1462 523 1494 544 n.
1509 512 1590 556 71.)
1662 503 1714 544 In

235 562 442 612 lerenz's,

294 651 317 665 “
327 650 477 691 Spiritus
493 651 628 681 narium
643 656 856 687 nostrarum,
872 649 1010 682 Unftus
1021 649 1190 692 Jehovae,
1204 657 1327 691 eaptus
1338 656 1392 682 est
1406 650 1440 681 in
1453 649 1566 681 foveis
1579 658 1714 687 eorum,

399 694 442 725 de
462 704 531 735 quo
550 694 763 730 dixeramus,
789 693 830 724 In
850 695 976 725 umbra
995 694 1086 726 illius
1107 694 1266 726 vivemus
1286 694 1377 725 inter
1395 699 1520 734 gentes
1530 692 1548 705 ’'
1565 692 1624 734 (iv.
1641 692 1715 733 20):

834 787 852 803 1)

228 802 307 842 per
348 787 584 830 “Un&um
624 788 821 841 Jehovae
893 788 962 829 hic
1009 788 1273 842 intelligitur
1314 788 1531 828 Dominus
1570 786 1717 841 quoad

229 851 438 892 Divinum
463 851 645 898 Verum,
674 850 817 891 simile
839 852 959 892 enim
987 864 1064 904 per
1088 855 1112 871 “
1128 849 1328 892 UnGtum
1349 850 1546 903 jehovae
1558 849 1576 865 ’'
1598 849 1716 903 quod

228 925 308 964 per
340 912 557 964 “Regem
571 911 590 926 '⁹
620 911 899 964 significatur
917 926 926 962 ;
967 923 1069 960 (quod
1085 919 1102 930 ‘⁴
1116 922 1212 952 Rex''
1229 923 1261 951 in
1280 931 1430 960 supremo
1448 930 1544 950 sensu
1561 921 1716 958 significet

230 976 405 1004 Dominum
421 976 529 1012 quoad
550 975 700 1003 Divinum
717 975 848 1009 Verum,
865 975 1008 1004 videatur
1026 984 1131 1013 supra,
1147 983 1177 1005 n.
1197 975 1218 1016 3
1229 976 1243 1004 I
1261 985 1267 1010 ;
1297 980 1328 1004 et
1342 975 1431 1012 quod
1450 974 1544 1003 etiam
1560 970 1578 982 ‘¹
1590 973 1715 1003 Une'tus

228 1028 400 1068 Jehovae‚·'
417 1037 520 1065 supra,
537 1037 567 1057 n.
586 1026 663 1069 375
678 1028 700 1065 ;)
731 1018 835 1057 inde
857 1024 926 1058 est
949 1017 1069 1071 quod
1092 1017 1268 1058 dicatur
1288 1017 1519 1070 “Spiritus
1542 1016 1715 1056 narium

230 1085 496 1123 nostrarum,
530 1077 584 1116 de
617 1090 704 1129 quo
736 1077 1007 1125 dixeramus,
1037 1077 1087 1116 In
1120 1077 1275 1117 umbra
1305 1076 1419 1116 illius
1448 1074 1717 1122 [¹¹vivemus,”

232 1139 480 1192 “spiritus”
520 1140 638 1179 enim
678 1152 728 1179 ac
772 1143 973 1179 “ventus
1013 1138 1215 1179 narium''
1254 1139 1297 1178 in
1338 1151 1546 1191 supremo
1585 1150 1718 1177 sensu

230 1201 450 1255 significat
475 1202 684 1242 Divinum
708 1201 892 1249 Verum,
912 1208 958 1242 ut
982 1215 1113 1255 supra
1134 1199 1300 1242 dietum
1320 1208 1388 1241 est
1411 1215 1419 1250 ;
1452 1200 1570 1253 quod
1594 1199 1716 1240 Divi-

230 1278 335 1305 num
367 1265 536 1305 Verum
569 1265 745 1317 perierit
777 1278 854 1317 per
889 1264 999 1304 salsa
1031 1264 1148 1312 mali,
1182 1263 1456 1316 significatur
1493 1277 1569 1316 per
1599 1262 1718 1315 quod

233 1332 428 1380 “captus
450 1328 492 1367 in
515 1327 652 1367 foveis
670 1340 822 1367 eorum
837 1326 855 1341 ”
881 1326 926 1380 (⁶⁶
943 1326 1126 1367 foveae’'
1145 1333 1247 1366 sunt
1269 1325 1378 1366 falsa
1396 1325 1535 1379 mali).
1596 1325 1718 1365 Alibi

230 1391 274 1431 in
309 1390 508 1438 lerenis,

300 1479 464 1511 “Vocem
491 1489 605 1511 meam
630 1478 833 1517 audivisti,”
858 1479 1042 1521 Jehovah;
1078 1480 1155 1509 “ne
1183 1478 1381 1510 abscondas
1405 1487 1526 1509 aurem
1554 1482 1650 1509 tuam
1674 1476 1718 1508 ad

404 1523 673 1563 respirationem
694 1533 821 1560 meam,
841 1523 885 1554 ad
903 1523 1093 1554 clamorem
1112 1531 1230 1553 meum
1243 1521 1261 1533 ”
1278 1520 1339 1562 (iii.
1357 1521 1430 1561 56):

233 1609 546 1650 “abscondere
589 1623 739 1650 aurem
781 1609 837 1650 ad
882 1609 1220 1662 respirationem
1262 1615 1308 1649 et
1348 1607 1404 1648 ad
1445 1605 1718 1648 clamorem'’

231 1671 452 1726 significat
478 1673 534 1712 ad
562 1672 746 1720 cultum,
775 1672 1102 1713 confessionem
1128 1678 1174 1712 et
1201 1684 1355 1724 preces
1381 1684 1492 1723 quae
1519 1684 1577 1710 ex
1603 1669 1718 1710 veris

231 1743 277 1777 et
304 1750 362 1776 ex
389 1736 540 1775 bonis:
580 1736 724 1776 omnis
751 1735 868 1775 enim
896 1734 1055 1782 cultus,
1083 1734 1303 1774 confessio
1333 1740 1379 1774 et
1411 1732 1610 1786 precatio
1635 1732 1718 1772 erit

230 1812 289 1839 ex
322 1799 436 1838 veris
468 1805 513 1838 et
545 1812 603 1838 ex
637 1799 789 1847 bonis;
826 1811 884 1837 ex
919 1797 1113 1850 utrisque
1144 1803 1273 1836 erunt
1305 1802 1353 1836 ut
1383 1795 1647 1844 audiantur3
1684 1794 1719 1834 si

231 1875 290 1902 ex
316 1861 422 1902 solis
444 1861 557 1901 veris
584 1867 686 1901 sunt
714 1874 802 1900 non
825 1860 1062 1900 audiuntur
1087 1860 1188 1912 quia
1214 1871 1302 1898 non
1325 1858 1418 1898 vita
1443 1863 1512 1898 est
1537 1858 1582 1897 in
1607 1856 1718 1906 illis;

231 1925 324 1965 vita
350 1925 440 1964 veri
466 1930 534 1964 est
566 1938 623 1963 ex
651 1924 795 1963 bono:
836 1921 1137 1975 “respiratio’'
1163 1921 1321 1962 dicitur
1351 1920 1410 1960 ibi
1435 1920 1490 1960 de
1516 1919 1646 1967 veris,
1674 1925 1720 1959 et

235 1990 260 2006 “
276 1985 449 2026 Clamor
464 1984 483 1999 '’
522 1984 578 2025 de
617 1984 748 2024 bonis
787 1994 890 2032 (quod
910 1991 927 2001 ¹¹
943 1994 1063 2022 clamor
1077 1993 1092 2002 ''
1114 1993 1236 2022 dicatur
1258 1992 1298 2021 de
1319 1991 1422 2026 bonis,
1442 1991 1599 2020 videbitur
1616 1989 1718 2028 alibi).

232 2044 371 2097 Apud
395 2044 564 2092 Mosen,

301 2133 449 2164 “Omne
473 2133 527 2163 cui
555 2133 658 2163 flatus
683 2132 825 2172 spiritus
850 2132 1000 2162 vitarum
1029 2131 1065 2162 in
1090 2130 1234 2162 naribus
1257 2128 1345 2169 ejus,
1372 2129 1418 2159 ab
1441 2127 1540 2159 omni
1564 2126 1658 2168 quod
1686 2126 1722 2158 in

405 2176 514 2213 arida,
535 2182 675 2207 mortua
692 2182 774 2207 sunt
786 2174 804 2186 ''
821 2174 951 2215 (Genes.
968 2174 1027 2206 vii.
1045 2174 1099 2214 22)
1113 2184 1120 2205 ε

233 2263 337 2318 quid
359 2263 469 2304 haec
496 2264 540 2303 in
563 2277 695 2303 sensu
717 2262 894 2303 litterae
917 2260 1187 2315 significant,
1211 2260 1395 2314 quisque
1417 2258 1569 2309 videt;
1602 2256 1722 2311 quod

234 2340 395 2380 nempe
431 2340 507 2379 per
545 2326 756 2366 diluvium
794 2323 1023 2365 exstineta
1058 2323 1219 2364 fuerint
1257 2322 1407 2362 omnia
1445 2335 1556 2374 quae
1594 2333 1723 2373 super

234 2396 366 2436 terra,
398 2389 461 2429 ita
493 2402 649 2428 omnes
687 2388 889 2428 homines
926 2387 999 2440 qui
1031 2387 1240 2426 vixerunt
1278 2390 1455 2437 praeter
1487 2379 1723 2423 Noachum

234 2459 280 2493 et
318 2450 410 2504 ejus
441 2450 577 2491 filios:
621 2451 698 2490 sed
736 2450 840 2504 quid
872 2451 916 2489 in
948 2462 1079 2489 sensu
1111 2446 1326 2501 spirituali
1363 2460 1441 2499 per
1478 2445 1553 2486 illa
1589 2445 1724 2485 verba

235 2511 530 2566 significatur,
562 2512 771 2551 videatur
801 2511 845 2550 in
879 2510 1080 2551 Arcanis
1119 2507 1398 2550 caelestibus
1433 2517 1477 2555 (n.
1499 2519 1568 2554 805,
1589 2514 1727 2550 806,ubi

234 2583 390 2620 explicata
407 2582 521 2621 sunt);
558 2571 678 2624 quod
710 2583 873 2623 nempe
905 2583 983 2623 per
1015 2568 1209 2609 “flatum
1240 2567 1423 2620 spiritus
1453 2566 1647 2606 vitarum
1680 2564 1724 2603 in

235 2632 441 2674 naribus’'
473 2632 752 2684 intelligatur
783 2632 876 2671 vita
907 2630 1159 2683 spiritualis,
1193 2642 1305 2683 quae
1336 2627 1414 2667 fuit
1447 2627 1532 2667 illis
1563 2626 1636 2680 qui
1668 2626 1725 2666 ab

235 2696 562 2750 Antiquissima
594 2695 824 2744 Ecclesia;
868 2693 1147 2734 “diluvium”
1179 2693 1296 2732 enim
1333 2690 1555 2743 significat
1591 2688 1724 2729 finem

235 2760 351 2801 illius
383 2758 613 2807 ecclesiae,
641 2771 691 2798 ac
724 2757 929 2797 ultimum
957 2756 1169 2809 judicium
1201 2754 1320 2808 quod
1350 2751 1515 2793 faetum
1546 2751 1725 2806 quando

237 2835 370 2864 omne
391 2821 609 2869 ‚ecclesiae
637 2818 915 2860 exstin&um
942 2819 1034 2859 fuit.
1096 2811 1233 2871 Apud
1255 2815 1488 2864 Davidem,

306 2917 454 2949 “Aures
479 2917 560 2954 illis,
583 2926 654 2947 non
676 2916 834 2953 audiunt,
858 2917 963 2947 etiam
986 2925 1057 2946 non
1083 2920 1137 2946 est
1160 2919 1288 2945 ventus
1314 2913 1348 2944 in
1374 2922 1435 2944 ore
1460 2911 1601 2943 illorum
1612 2909 1630 2922 '¹
1650 2909 1720 2951 (Ps.

412 2970 537 2992 cxxxv.
556 2962 626 2998 17):
