2008 3360
618 233 725 266 CAP.
748 234 828 274 V1.,
851 232 989 265 VERs.
1011 222 1158 264 6.—N.
1184 220 1342 274 376[e].
1642 229 1724 273 777

234 349 317 391 nisi
338 346 715 402 significavissent
739 346 848 388 talia
870 360 983 401 quae
1006 350 1110 386 sunt
1133 343 1247 385 caeli
1269 349 1316 384 et
1337 341 1588 384 ecclesiae?
1649 341 1723 381 Ex

235 413 304 453 his
336 425 453 452 nunc
481 410 693 452 constar'e
725 417 880 464 potest
907 410 1011 464 quid
1042 407 1232 450 involvit
1264 407 1391 460 panis
1423 412 1470 446 et
1496 406 1648 446 vinum
1681 406 1724 445 in

232 473 400 516 Sancta
426 474 564 523 Cena,
593 474 712 527 quod
739 487 902 527 nempe
928 473 1056 527 panis
1082 472 1250 512 bonum
1276 470 1442 510 amoris
1468 483 1494 509 a
1526 469 1725 509 Domino

233 539 276 579 in
309 538 568 585 Dominum,
597 543 643 577 et
671 537 824 576 vinum
856 537 1024 577 bonum
1057 533 1159 575 fidei
1190 533 1310 587 quod
1342 533 1387 574 in
1419 546 1498 573 sua
1526 532 1725 572 essentia

233 605 303 640 est
326 611 496 639 verum.
555 608 634 647 (Sed
649 609 689 637 de
705 608 823 637 San<sta
839 608 937 641 Cena,
954 612 984 636 et
999 608 1039 636 de
1056 607 1141 635 Pane
1155 611 1186 635 et
1201 606 1283 635 Vino
1298 605 1351 638 ibi.
1365 605 1509 633 videatur
1524 604 1555 633 in
1570 604 1726 633 Doarina

233 664 340 691 Novae
349 662 633 699 Hierosogvmaan.
645 659 844 698 210-[11222.)
877 650 938 690 Et
955 650 1059 703 quia
1076 654 1100 669 ‘¹
1114 649 1268 689 vinum
1281 647 1301 662 ’'
1313 647 1538 700 significat
1554 646 1723 686 bonum

234 712 337 754 fidei
368 713 488 767 quod
520 713 564 753 in
596 725 676 752 sua
708 711 907 752 essentia
938 716 1008 750 est
1040 722 1208 756 verum,
1237 708 1339 748 ideo
1373 707 1594 747 Dominus
1625 719 1726 747 cum

234 777 430 818 instituit
457 775 802 817 Sacramentum
826 773 977 815 Cenae
1003 773 1133 819 dixit,

297 864 319 876 ¹⁴
332 855 420 894 Dico
434 862 536 894 vobis
550 862 643 903 quod
657 871 730 893 non
750 861 922 892 bibiturus
936 863 1003 892 sim
1019 871 1042 901 a
1058 870 1152 892 nunc
1165 870 1209 892 ex
1225 861 1292 891 hoc
1305 860 1488 900 genimine
1501 859 1596 897 vitis,
1613 869 1724 900 usque

403 906 447 937 ad
466 906 561 937 diem
579 906 689 943 illum,
710 906 852 946 quando
870 905 904 936 id
923 906 1046 936 bibero
1064 905 1248 936 vobiscum
1266 913 1400 935 novum
1421 903 1457 935 in
1475 912 1586 943 regno
1609 903 1723 935 Patris

404 950 474 981 mei
485 948 502 961 ’¹
519 949 663 989 (Matth.
678 949 772 981 xxvi.
788 949 863 989 29);

298 994 320 1007 ‘⁸
333 993 422 1025 Dico
441 993 544 1025 vobis
564 993 657 1034 quod
682 1003 754 1024 non
780 993 954 1024 bibiturus
975 993 1040 1024 sim
1062 992 1105 1023 de
1129 991 1311 1032 genimine
1330 991 1425 1028 vitis,
1448 991 1562 1022 donec
1582 991 1725 1032 quando

402 1047 551 1077 regnum
570 1036 638 1068 Dei
655 1042 841 1068 venturum
861 1043 915 1068 est
925 1035 942 1047 ”
960 1035 1056 1076 (Luc.
1070 1036 1155 1067 xxii.
1172 1035 1242 1075 18):

229 1139 307 1179 per
333 1126 584 1179 “genimen
606 1125 711 1165 vitis
722 1124 742 1140 '‘
764 1139 842 1165 seu
866 1129 892 1144 “
908 1124 1090 1165 vinum’'
1114 1123 1233 1178 quod
1261 1123 1482 1164 Dominus
1509 1136 1611 1164 cum
1637 1122 1724 1163 illis

230 1188 449 1229 bibiturus
472 1201 639 1229 novum
664 1188 744 1228 “in
771 1201 914 1240 regno
941 1187 1086 1228 Patris
1107 1186 1212 1235 sui,'’
1233 1200 1312 1228 seu
1337 1186 1519 1228 “donec
1542 1186 1725 1240 quando

229 1264 418 1305 regnum
442 1251 526 1292 Dei
548 1257 787 1292 venturum
811 1251 921 1299 est‚’'
944 1250 1214 1304 intelligitur
1234 1250 1356 1304 quod
1382 1263 1408 1290 a
1436 1250 1601 1290 Divino
1626 1249 1723 1290 Hu-

229 1327 365 1355 mano
404 1314 548 1368 Ipsius
580 1320 687 1355 tunc
721 1327 855 1355 omne
895 1314 1107 1354 Divinum
1139 1313 1311 1354 Verum
1348 1313 1392 1354 in
1430 1313 1559 1354 caelo
1596 1319 1643 1354 et
1680 1313 1725 1354 in

229 1377 422 1419 ecclesia
442 1392 452 1428 ;
499 1391 634 1431 quare
674 1377 784 1418 illud
824 1383 961 1418 vocat
1003 1381 1028 1397 “
1046 1376 1252 1425 novum‚”
1289 1383 1336 1418 et
1373 1391 1550 1430 quoque
1587 1383 1724 1418 vocat

231 1433 451 1482 “Novum
473 1440 824 1482 Testamentum
847 1441 891 1480 in
915 1440 1134 1493 sanguine
1156 1453 1236 1481 suo
1249 1439 1268 1454 ”
1293 1438 1426 1493 (vers.
1450 1439 1522 1493 20)
1544 1454 1552 1490 ;
1583 1444 1724 1481 “san-

228 1500 361 1554 guis”
386 1502 507 1542 enim
535 1501 791 1542 “Domini‘'
813 1501 959 1541 simile
985 1500 1214 1554 significat
1239 1514 1291 1542 ac
1322 1502 1513 1541 “vinum
1526 1501 1545 1515 ”
1568 1512 1727 1550 (videatur

228 1581 333 1610 supra,
346 1581 377 1601 n.
395 1572 460 1613 30,
475 1562 659 1613 328[a-c]‚
675 1571 878 1614 329[a.b]):
910 1567 956 1601 et
979 1562 1208 1614 quoniam,
1232 1567 1476 1615 postquam
1500 1561 1724 1602 Dominus

229 1623 490 1671 resurrexit,
510 1637 645 1663 omne
669 1623 880 1663 Divinum
903 1623 960 1663 ab
983 1623 1089 1676 Ipso
1110 1623 1330 1677 procedit,
1349 1623 1451 1664 ideo
1474 1623 1582 1664 dicit
1605 1624 1724 1678 quod

224 1686 273 1726 id
310 1698 412 1726 cum
448 1685 536 1726 illis
573 1685 793 1726 bibiturus
830 1686 887 1726 sit
924 1686 1106 1739 quando
1136 1699 1326 1740 regnum
1363 1686 1449 1727 Dei
1486 1693 1724 1727 venturum

230 1754 314 1796 est,
343 1754 390 1789 et
417 1754 524 1789 tunc
551 1749 676 1789 venit
702 1749 883 1802 quando
911 1749 1014 1802 Ipse
1040 1749 1191 1789 omnia
1216 1749 1260 1789 in
1286 1749 1490 1790 ordinem
1517 1750 1560 1790 in
1588 1749 1724 1790 caelis

229 1817 276 1852 et
314 1811 358 1852 in
396 1811 577 1852 infernis
609 1811 800 1865 redegit.
862 1811 997 1865 Quod
1034 1825 1223 1865 regnum
1261 1812 1347 1853 Dei
1384 1826 1486 1854 cum
1526 1813 1725 1853 Domino

230 1875 420 1924 venerit,
448 1881 494 1915 et
520 1874 578 1915 ab
604 1874 724 1928 Ipso,
752 1881 963 1916 constare
990 1881 1143 1928 potest

303 1963 409 2004 Apud
425 1963 656 2001 Matthaeum,
670 1974 745 2004 cap.
760 1964 808 1996 iii.
823 1972 841 1995 2
857 1973 864 2001 ;
888 1973 964 2004 cap.
979 1964 1026 1995 iv.
1042 1964 1059 1995 8
1074 1973 1081 2002 ;
1105 1974 1180 2005 cap.
1194 1974 1228 1997 x.
1244 1972 1262 2004 7
1275 1966 1382 2006 :'cap.
1397 1966 1456 1997 xii.
1472 1966 1512 1997 28
1527 1975 1535 2004 ;
1559 1976 1636 2007 cap.
1653 1967 1724 1998 xvi.

406 2007 466 2039 28:
491 2007 586 2047 apud
603 2008 777 2045 Marcum,
793 2018 869 2048 cap.
885 2008 907 2039 i.
924 2016 974 2047 14,
992 2015 1029 2046 15
1045 2017 1051 2045 ;
1077 2017 1152 2048 cap.
1164 2018 1198 2040 v.
1214 2017 1229 2039 1
1244 2019 1251 2041 :
1276 2010 1370 2049 apud
1387 2009 1528 2047 Lucam,
1543 2019 1619 2050 cap.
1634 2010 1723 2055 i.v32,

405 2059 468 2089 33:
499 2061 576 2091 cap.
592 2051 639 2083 ix.
659 2060 709 2089 11,
727 2059 779 2090 27,
796 2052 859 2088 60;
891 2061 967 2091 cap.
984 2061 1017 2083 x,
1038 2059 1074 2082 11
1090 2061 1098 2089 ;
1129 2061 1204 2092 cap.
1221 2052 1291 2084 xvi.
1311 2053 1371 2091 16;
1399 2063 1475 2094 cap.
1492 2054 1576 2086 xvii.
1594 2062 1645 2091 20,
1663 2062 1702 2085 21
1720 2064 1726 2089 ;

404 2104 480 2134 cap.
493 2094 591 2127 xxiii.
605 2103 659 2134 42,
675 2102 712 2134 51
729 2106 735 2127 2
760 2096 854 2135 apud
875 2095 1081 2137 Jolzannem,
1095 2105 1171 2136 cap.
1185 2096 1281 2128 xviii.
1296 2097 1349 2135 36.

232 2181 459 2235 Quoniam
474 2196 591 2224 nunc
607 2187 631 2203 “
643 2184 770 2237 panis
781 2183 801 2198 ''
815 2182 1039 2236 significat
1054 2184 1222 2225 bonum
1237 2186 1416 2233 amoris,
1433 2199 1485 2226 ac
1504 2189 1530 2206 ‘¹
1542 2186 1694 2226 vinum
1708 2186 1726 2200 '‘

229 2245 398 2286 bonum
430 2244 531 2287 fidei
556 2247 677 2300 quod
708 2247 752 2287 in
779 2260 857 2286 sua
884 2247 1082 2287 essentia
1107 2253 1178 2288 est
1204 2262 1359 2289 verum
1386 2263 1445 2290 ex
1477 2248 1556 2290 illo
1587 2249 1723 2295 bono,

230 2321 282 2348 ac
320 2308 363 2348 in
401 2322 612 2362 supremo
649 2323 784 2350 sensu
818 2309 1013 2362 “panis”
1047 2309 1291 2352 Dominum
1323 2312 1473 2365 quoad
1511 2312 1724 2352 Divinum

232 2370 423 2420 Bonum,
447 2385 499 2412 ac
526 2372 749 2413 “vinum‘'
776 2372 1021 2413 Dominum
1047 2373 1196 2426 quoad
1223 2374 1437 2415 Divinum
1463 2374 1650 2423 Verum,
1679 2382 1725 2416 et

230 2435 443 2487 quoniam
469 2435 873 2489 correspondentia
899 2441 969 2476 est
995 2436 1114 2476 inter
1138 2437 1386 2490 spiritualia
1412 2444 1458 2479 et
1485 2439 1723 2487 naturalia,

230 2509 282 2537 ac
310 2497 414 2538 talis
440 2499 845 2551 correspondentia
868 2504 915 2538 ut
939 2511 1040 2538 cum
1067 2499 1110 2539 in
1134 2501 1416 2553 cogitatione
1438 2500 1633 2542 hominis
1656 2509 1725 2542 est

231 2561 359 2613 panis
381 2566 428 2601 et
445 2561 612 2610 vinum,
632 2562 675 2601 in
698 2561 982 2613 cogitatione
1001 2561 1264 2615 angelorum
1288 2564 1345 2604 sit
1371 2565 1539 2604 bonum
1562 2566 1726 2605 amoris

231 2629 278 2664 et
299 2623 468 2664 bonum
490 2623 606 2673 fidei,
627 2631 673 2665 et
692 2625 903 2678 quoniam
922 2626 1074 2665 omnia
1091 2625 1204 2667 caeli
1226 2633 1272 2668 et
1295 2627 1516 2669 ecclesiae
1538 2641 1586 2668 se
1612 2628 1725 2668 rese-

230 2692 335 2727 runt
361 2686 418 2727 ad
449 2686 617 2727 bonum
644 2687 809 2727 amoris
835 2693 882 2727 et
908 2687 965 2727 ad
996 2688 1165 2730 bonum
1197 2688 1313 2739 fidei,
1341 2690 1443 2731 ideo
1469 2705 1495 2731 a
1527 2691 1725 2731 Domino

230 2749 442 2790 instituta
464 2756 534 2790 est
558 2748 725 2791 saneta
748 2749 885 2798 Cena,
905 2756 954 2791 ut
978 2764 1056 2804 per
1076 2751 1200 2792 illam
1223 2754 1280 2794 sit
1304 2752 1559 2806 conjunctio
1582 2767 1724 2806 ange-

230 2811 375 2852 lorum
390 2812 504 2853 caeli
523 2826 624 2853 cum
643 2812 899 2853 hominibus
914 2813 1146 2855 ecclesiae.
1198 2814 1314 2868 Quia
1332 2816 1408 2857 illa
1426 2831 1504 2870 per
1521 2820 1721 2870 “panem

231 2880 277 2915 et
303 2875 485 2916 vinum‘’
511 2876 554 2915 in
583 2875 1068 2929 caelo'intelliguntur,
1096 2877 1198 2919 ideo
