2008 3360
233 230 316 303 768
648 224 982 291 APOCALYPSIS·
1012 259 1311 292 EXPLICATA.

231 371 314 411 inis
329 371 442 412 veris
459 377 504 412 et
522 371 664 420 bonis,
680 385 793 425 quae
811 372 853 412 in
869 385 1000 412 sensu
1015 372 1230 425 spirituali
1244 372 1384 414 Verbi
1402 378 1520 422 sunt,
1540 371 1720 427 aliquod

231 433 448 473 damnum
478 432 708 482 inferatur,
736 433 855 486 quod
891 434 1012 486 prius
1042 446 1133 473 non
1164 434 1314 487 potuit
1346 444 1504 483 (videatur
1518 445 1550 474 in
1565 445 1721 482 opusculo

232 496 283 524 De
303 496 420 525 Ultimo
438 495 580 535 Judicio,
596 505 627 525 n.
643 497 707 533 73).

314 548 397 602 [b.]
445 548 580 601 Quod
619 550 812 589 “vinum
827 548 847 563 ”
883 549 1110 602 significet
1146 549 1315 590 bonum
1352 549 1602 603 spirituale,
1640 563 1720 590 seu

231 610 397 651 bonum
424 610 653 651 charitatis
682 617 728 651 et
759 610 926 651 bonum
958 609 1074 659 fidei,
1102 611 1221 664 quod
1252 612 1295 651 in
1322 625 1402 652 sua
1428 612 1624 652 essentia
1649 618 1719 652 est

230 686 397 720 verum,
431 679 638 714 constare
669 679 821 726 potest
853 687 911 713 ex
944 673 1233 727 sequentibus
1264 673 1374 715 locis
1405 674 1447 714 in
1480 673 1635 715 Verbo
1651 687 1721 714 :—

232 734 370 789 Apud
395 735 596 783 Esaiam,

300 833 460 866 “Omnis
478 834 602 865 sitiens
623 834 669 865 ite
689 835 732 865 ad
753 844 872 875 aquaS‚
896 840 930 866 et
947 835 1001 866 cui
1021 844 1093 866 non
1113 841 1311 875 argentum,
1331 835 1390 874 ite,
1410 835 1528 874 emite,
1548 841 1583 868 et
1602 845 1719 868 come-

403 877 473 909 dite
487 887 509 916 ;.
524 902 531 910 .
546 903 552 909 .
568 878 689 910 .emite
706 878 782 909 sine
799 885 948 918 argento
964 884 999 910 et
1016 878 1093 910 sine
1109 879 1223 919 pretio
1239 879 1361 910 vinum
1378 885 1413 911 et
1430 879 1483 910 lac
1494 879 1512 891 ¹'
1529 879 1589 919 (lv.
1608 879 1658 920 1):

231 973 348 1027 quod
385 973 454 1014 hic
492 986 581 1013 non
612 973 760 1013 vinum
799 979 844 1014 et
882 972 965 1021 lac,
998 987 1110 1027 quae
1146 974 1240 1015 sine
1276 979 1467 1027 argento
1499 980 1717 1023 emerent,

231 1035 554 1088 intelligantur,
581 1036 764 1089 quisque
790 1035 940 1076 videre
972 1042 1150 1089 potest:
1184 1050 1318 1091 quare
1350 1050 1428 1090 per
1455 1037 1641 1078 “vinum
1670 1043 1717 1078 et

232 1098 330 1139 lac''
351 1097 658 1152 significantur
678 1098 934 1151 spiritualia,
959 1112 1121 1152 nempe
1146 1112 1223 1152 per
1247 1099 1435 1140 “vinum
1447 1098 1466 1114 ’'
1489 1099 1718 1153 spirituale

231 1163 411 1210 bonum,
444 1162 562 1215 quod
596 1162 639 1202 in
671 1175 749 1202 sua
779 1162 976 1202 essentia
1007 1168 1076 1203 est
1095 1175 1273 1210 verum,
1307 1169 1354 1203 ut
1386 1176 1518 1216 supra
1549 1160 1716 1204 dietum

232 1230 314 1272 est,
348 1238 426 1278 per
459 1224 611 1275 “lac‘(
633 1231 783 1265 autem
815 1224 982 1265 bonum
1014 1224 1128 1265 illius
1159 1225 1279 1275 veri;
1321 1225 1439 1278 quod
1470 1225 1546 1265 illa
1576 1227 1717 1279 gratis

231 1287 393 1328 dentur
417 1301 444 1328 a
470 1287 666 1328 Domino
691 1287 775 1327 illis
801 1287 874 1340 qui
905 1287 949 1328 in
980 1287 1235 1340 ignorantia
1260 1288 1351 1328 veri
1383 1293 1428 1329 et
1460 1287 1565 1328 boni
1596 1295 1715 1338 sunt,

231 1357 276 1391 et
313 1356 464 1391 tamen
502 1350 545 1390 in
583 1350 803 1390 desiderio
840 1349 1031 1398 illorum,
1063 1349 1338 1403 significatur
1373 1363 1451 1404 per
1483 1351 1590 1391 “cui
1627 1364 1716 1392 non

230 1419 480 1466 argentum,
514 1414 588 1461 ite,
622 1413 771 1460 emite,
805 1419 851 1453 et
883 1413 1136 1463 comedite;
1169 1414 1305 1454 emite
1341 1414 1436 1454 sine
1472 1420 1663 1466 argento
1683 1413 1717 1464 ;”

232 1480 419 1516 “emere
434 1475 453 1490 ”
493 1474 713 1528 significat
754 1475 834 1516 sibi
875 1488 1147 1528 comparare,
1189 1481 1235 1516 et
1277 1478 1302 1496 “
1321 1475 1557 1516 comedere
1575 1475 1594 1491 '’
1635 1476 1716 1518 sibi

231 1539 526 1592 appropriare,
553 1538 670 1592 quod
702 1537 751 1579 fit
783 1552 860 1591 per
885 1538 1232 1592 applicationem
1265 1538 1378 1581 sicut
1404 1552 1463 1579 ex
1490 1552 1564 1589 se;
1596 1539 1717 1593 quod

230 1601 291 1642 illi
309 1602 381 1654 qui
399 1601 441 1641 in
459 1601 711 1653 ignorantia
728 1601 818 1642 veri
837 1607 882 1642 et
901 1601 1005 1642 boni
1024 1607 1069 1642 et
1087 1615 1224 1655 usque
1242 1601 1285 1641 in
1304 1601 1523 1642 desiderio
1540 1601 1715 1643 illorum

230 1670 347 1712 sunt,
380 1663 702 1716 intelligantur,
736 1670 876 1717 patet,
909 1677 1012 1704 nam
1044 1663 1204 1704 dicitur
1237 1661 1436 1704 “Omnis
1467 1664 1622 1705 sitiens
1653 1664 1716 1706 ite

229 1726 286 1767 ad
312 1740 447 1780 aquas
465 1726 497 1776 ;'‘
531 1726 687 1767 “sitire
700 1726 718 1741 ''
741 1725 963 1779 significat
986 1725 1252 1774 desiderare,
1276 1732 1322 1767 et
1347 1729 1525 1780 “aquae
1537 1725 1556 1741 ”
1578 1726 1715 1779 signi-

230 1788 364 1830 ficant
390 1802 508 1838 vera,
535 1789 604 1829 hic
632 1788 832 1830 Verbum
859 1789 931 1830 ubi
956 1795 1072 1830 sunt.
1134 1787 1270 1842 Apud
1295 1788 1478 1837 Joelem,

297 1888 319 1902 ¹¹
331 1886 407 1918 Fiet
422 1887 459 1918 in
472 1887 528 1918 die
545 1887 616 1924 illo,
633 1887 816 1918 stillabunt
829 1892 970 1918 montes
984 1892 1150 1922 mustum,
1167 1892 1202 1918 et
1217 1886 1326 1918 colles
1344 1886 1454 1918 fluent
1469 1884 1571 1925 laete,
1587 1895 1715 1919 omnes

402 1930 466 1961 rivi
482 1930 640 1972 Jehudae
657 1931 767 1962 fluent
782 1930 883 1971 aquis
895 1930 912 1942 ''
929 1930 990 1970 (iv,
1008 1928 1068 1972 [B.
1082 1930 1128 1962 A.
1146 1927 1212 1971 iii.]
1233 1930 1305 1970 18):

229 2019 374 2078 agitur
406 2025 463 2066 ibi
499 2025 554 2065 de
586 2025 782 2066 adventu
819 2025 1013 2074 Domini,
1046 2030 1092 2065 et
1124 2024 1179 2064 de
1211 2037 1330 2065 novo
1362 2024 1488 2065 caelo
1519 2030 1565 2066 et
1597 2037 1716 2066 nova

229 2087 418 2128 ecclesia
449 2088 505 2127 ab
532 2087 661 2140 Ips03
694 2089 813 2141 quod
843 2094 948 2128 tunc
976 2100 1066 2128 non
1097 2087 1140 2127 in
1172 2092 1291 2127 terra
1319 2086 1530 2128 Canaane
1562 2101 1639 2128 seu
1670 2088 1714 2128 in

226 2150 396 2203 Judaea
432 2157 609 2191 montes
647 2151 915 2192 stillaverint
953 2156 1162 2198 mustum,
1202 2163 1283 2190 nec
1326 2149 1464 2190 colles
1504 2150 1714 2192 fluxerint

229 2211 358 2261 laete,
389 2219 433 2253 et
465 2214 583 2266 quod
616 2227 696 2254 nec
730 2220 835 2255 tunc
868 2227 974 2267 prae
1005 2219 1209 2266 tempore
1241 2213 1374 2265 priori
1405 2213 1484 2253 rivi
1514 2213 1715 2265 Jehudae

227 2275 436 2316 fluxerint
455 2276 593 2328 aquis,
613 2283 768 2316 notum
787 2283 856 2317 est
875 2291 883 2326 ;
910 2289 1045 2329 quare
1063 2289 1140 2328 per
1157 2274 1233 2315 illa
1249 2275 1386 2315 verba
1403 2275 1715 2328 intelliguntur

228 2338 314 2378 alia
336 2351 468 2391 quam
492 2345 700 2387 mustum,
725 2339 792 2379 lac
818 2346 863 2380 et
889 2352 1044 2392 aquae,
1068 2344 1163 2378 tum
1186 2350 1328 2391 quam·
1343 2343 1534 2385 montes,
1558 2337 1712 2387 colles,

227 2401 306 2441 rivi
324 2415 332 2450 ;
352 2414 513 2454 nempe
526 2401 643 2454 quod
660 2415 736 2454 per
750 2406 958 2442 “montes
973 2400 1207 2447 stillabunt
1222 2399 1441 2440 mustum”
1455 2414 1531 2440 seu
1545 2401 1711 2450 vinum,

227 2462 493 2515 intelligitur
514 2463 632 2516 quod
658 2478 715 2503 ex
743 2464 863 2504 bono
889 2464 1051 2504 amoris
1076 2463 1119 2503 in
1147 2462 1389 2503 Dominum
1412 2475 1546 2503 omne
1571 2475 1712 2515 genu-

227 2526 347 2565 inum
384 2538 563 2575 verum;
606 2539 683 2578 per
720 2527 837 2579 quod
876 2525 1054 2566 “colles
1090 2525 1227 2566 fluent
1265 2523 1411 2565 la&e”
1447 2524 1714 2577 intelligitur

227 2587 345 2641 quod
382 2601 441 2628 ex
478 2588 598 2628 bono
630 2588 861 2629 charitatis
893 2602 1000 2641 erga
1036 2587 1289 2641 proximum
1320 2587 1413 2627 vita
1444 2586 1711 2639 spiritualis;

227 2657 272 2692 et
305 2664 382 2704 per
407 2650 526 2704 quod
555 2654 747 2691 “omnes
771 2651 850 2691 rivi
874 2651 1074 2704 Jehuda'e
1105 2649 1242 2690 fluent
1268 2648 1421 2702 aquis”
1447 2648 1714 2702 intelligitur

227 2711 347 2765 quod
386 2724 445 2751 CX
484 2710 672 2764 Singulis
712 2710 853 2751 Verbi
892 2725 1012 2752 vera.
1085 2721 1160 2758 (Per
1179 2717 1366 2760 ''Jehudam
1379 2719 1396 2730 ¹’
1417 2721 1501 2749 enirn
1520 2720 1714 2758 significatur

226 2771 358 2799 caeleste
369 2778 501 2807 regnum
515 2770 654 2803 Domini,
665 2774 696 2798 et
707 2779 836 2807 quoque
847 2771 1000 2805 Verbum,
1009 2770 1153 2798 videatur
1163 2778 1194 2798 n.
1204 2770 1293 2805 3881,
1303 2769 1381 2805 6363
1392 2778 1399 2803 ς
1421 2768 1495 2798 inde
1506 2778 1563 2806 per
1573 2772 1590 2783 ¹⁶
1601 2769 1684 2798 rivos
1694 2768 1711 2779 '’

226 2815 293 2853 ejus
313 2814 527 2852 significantur
548 2814 670 2851 singula
691 2815 773 2852 ejus:
800 2816 887 2851 quod
908 2824 966 2852 per
987 2813 1165 2843 “montes''
1187 2813 1380 2851 significetur
1399 2813 1522 2842 bonum
1543 2814 1659 2842 amoris
1680 2814 1712 2842 in

227 2861 412 2894 Dominum,
423 2869 454 2889 n.
465 2866 534 2897 795,
544 2868 634 2896 4210,
645 2860 733 2896 6435,
745 2861 834 2896 8327,
845 2861 932 2896 8758,
945 2861 1052 2896 10438.
1064 2857 1211 2893 [¹110608;
1228 2862 1258 2887 et
1267 2858 1354 2895 quod
1364 2866 1420 2895 per
1429 2861 1446 2871 “¹
1457 2858 1552 2887 colles
1563 2858 1579 2867 ”
1589 2859 1712 2887 bonum

225 2905 383 2934 charitatis
404 2913 478 2942 erga
498 2904 688 2942 proximum,
711 2912 741 2933 n.
761 2905 848 2941 6435,
868 2906 980 2942 10438;
1003 2913 1041 2932 ex
1063 2912 1158 2932 causa
1179 2903 1253 2940 quia
1274 2902 1306 2931 in
1328 2902 1415 2931 caelo
1437 2911 1531 2940 super
1554 2903 1712 2933 montibus
