2008 3360
255 299 341 342 734
671 294 1004 329 APOCALYPSIS
1038 294 1334 327 EXPLICATA.

255 425 316 452 ex
341 410 518 465 propria
543 408 860 462 intelligentia,
889 414 935 449 et
962 421 1040 461 per
1069 407 1321 449 “cedrum”
1345 420 1498 449 verum
1524 406 1745 448 ecclesiae

254 472 522 527 spiritualis3
562 471 681 526 quod
709 472 769 512 sic
803 471 1026 524 periturae
1058 483 1216 511 omnes
1247 471 1533 523 cognitiones
1564 469 1670 519 veri,
1698 475 1746 511 et

253 548 355 577 cum
381 535 467 576 illis
493 535 644 576 omnia
668 548 773 575 vera
805 547 919 587 quae
950 533 1129 586 sapiunt
1161 547 1221 574 ex
1252 533 1373 574 bono
1405 539 1451 574 et
1482 533 1586 574 inde
1618 544 1745 574 sua-m

253 598 499 640 essentiam
522 597 706 646 habent,
726 595 1002 650 significatur
1019 609 1098 650 per
1117 596 1268 636 omnia
1285 595 1361 636 illa
1378 596 1515 637 verba
1532 609 1539 635 :
1568 599 1593 615 “
1607 595 1744 648 abys-

255 674 328 701 sus
340 660 359 676 ”
373 675 486 714 quae
501 674 633 714 super
646 659 723 700 illo
741 660 998 711 obtegetur,
1015 665 1062 700 et
1083 662 1107 679 “
1121 658 1301 700 flumina
1313 658 1332 674 ’‘
1346 672 1459 713 quae
1475 658 1745 699 inhibebun-

254 730 338 778 tur,
362 729 466 764 sunt
489 723 774 776 cognitiones
796 722 888 762 veri
910 734 962 762 ac
989 721 1093 762 inde
1115 721 1446 775 intelligentia;
1482 721 1711 774 “abyssus
1725 720 1746 736 ”

256 792 333 827 aut
363 789 523 827 “mare
536 785 554 802 ’¹
581 785 804 839 significat
832 783 1129 826 scientificum
1160 790 1207 826 et
1239 785 1519 838 cognitivum
1546 785 1590 825 in
1616 797 1744 825 com-

254 849 376 889 muni
398 848 518 903 quod
540 849 583 888 in
606 847 798 888 naturali
821 846 1018 895 homine,
1038 853 1084 888 et
1109 851 1134 867 “
1149 847 1362 888 flumina”
1383 846 1642 900 significant
1666 846 1744 887 illa

255 925 368 965 quae
383 917 487 952 sunt
498 910 847 963 intelligentiae:
870 912 1050 963 “aquae
1065 922 1259 963 magnae
1271 909 1290 925 ”
1304 923 1418 963 quae
1430 909 1743 958 occludentur,

255 973 512 1027 significant
530 987 635 1014 vera
657 986 769 1027 quae
788 973 967 1026 sapiunt
986 986 1045 1013 ex
1060 972 1180 1013 bono
1199 978 1245 1013 et
1262 972 1366 1013 inde
1384 972 1631 1013 essentiam
1651 977 1744 1012 tra-

255 1036 369 1077 hunt
387 1050 395 1086 ;
414 1039 439 1056 “
451 1035 616 1089 aquae’'
628 1040 731 1075 sunt
743 1048 861 1083 vera,
877 1040 925 1076 et
939 1037 964 1054 ‘⁴
977 1047 1191 1087 magnum
1203 1033 1222 1049 '’
1236 1034 1280 1074 in
1293 1033 1448 1075 Verbo
1460 1034 1746 1088 praedicatur

256 1099 311 1139 de
329 1099 473 1139 bono:
505 1103 529 1118 ‘⁴
543 1098 741 1138 Libanus
754 1097 772 1112 ”
794 1098 866 1151 qui
887 1100 1057 1150 “super
1074 1111 1128 1138 eo
1151 1096 1409 1146 atrabitur‚'’
1427 1103 1473 1137 et
1495 1096 1746 1137 “arbores’'

256 1175 376 1216 quae·
393 1166 562 1215 “super
584 1175 638 1202 eo
661 1160 1000 1214 languescent,”
1019 1159 1242 1213 significat
1261 1159 1379 1214 quod
1397 1173 1503 1200 vera
1525 1159 1745 1201 ecclesiae

255 1224 446 1278 amplius
487 1223 609 1264 nulla
649 1229 793 1271 erunt,
835 1229 882 1264 et
922 1222 1043 1276 quod
1083 1223 1368 1276 cognitiones
1405 1228 1536 1263 erunt
1576 1222 1745 1276 absque

257 1287 548 1342 perceptione
594 1286 711 1336 veri;
765 1285 1031 1327 “Libanus‘'
1071 1285 1190 1326 enim
1235 1284 1459 1339 significat
1505 1284 1745 1326 ecclesiam

258 1351 407 1404 quoad
433 1364 552 1399 vera,
577 1350 641 1390 ita
666 1363 843 1403 quoque
866 1363 973 1390 vera
998 1348 1230 1398 ecclesiae,
1255 1348 1398 1389 simile
1420 1361 1472 1388 ac
1498 1348 1694 1389 “cedrus
1711 1348 1746 1399 ;”

256 1419 302 1454 et
330 1413 551 1454 “arbores
578 1413 674 1465 agri
686 1412 704 1427 ’‘
732 1411 988 1466 significant
1014 1411 1253 1455 ecclesiam
1279 1411 1427 1465 quoad
1459 1411 1746 1464 cognitiones

255 1477 361 1525 veri,
385 1476 450 1517 ita
470 1489 646 1529 quoque
670 1475 957 1528 cognitiones
979 1475 1071 1515 veri
1096 1473 1328 1523 ecclesiae,
1352 1473 1572 1514 “arbores
1584 1472 1603 1488 '’
1626 1473 1745 1526 ipsas

258 1539 558 1592 cognitiones,
583 1544 629 1579 et
651 1542 798 1591 “ager
809 1537 827 1553 ”
849 1537 1116 1588 ecclesiam;
1142 1536 1246 1578 inde
1269 1543 1397 1590 patet
1420 1535 1539 1590 quod
1560 1539 1746 1576 “atrare

257 1601 510 1643 Libanum''
536 1599 759 1654 significet
786 1600 905 1654 quod
932 1613 1023 1641 non
1049 1599 1239 1654 amplius
1265 1613 1371 1640 vera
1397 1597 1630 1640 ecclesiae.
1692 1598 1745 1639 In

265 1664 468 1713 Threnz's,
1276 1678 1278 1681 ·

324 1752 439 1784 “Albi
457 1758 559 1784 erant
577 1752 741 1784 Naziraei
758 1762 844 1793 prae
858 1752 952 1790 nive,
972 1750 1114 1783 candidi
1131 1757 1234 1783 erant
1250 1760 1335 1792 prae
1352 1748 1444 1782 lacste
1458 1760 1481 1787 ;.
1496 1775 1504 1782 .
1518 1775 1524 1782 .
1540 1751 1746 1782 .obscurata

429 1802 583 1880 estsprae
599 1796 785 1836 nigredine
802 1796 920 1827 forma
933 1804 1068 1833 eorum,
1085 1804 1159 1826 non
1176 1800 1443 1835 cognoscuntur
1455 1794 1491 1826 in
1506 1793 1634 1834 plateis
1646 1793 1665 1805 ”
1681 1793 1742 1832 (iv.

430 1848 459 1879 7.
522 1851 528 1872 ἰ

255 1928 359 1983 quid
395 1928 507 1968 haec
546 1926 800 1981 significant
838 1940 972 1968 nemo
1008 1927 1120 1968 scire
1157 1932 1326 1980 potest,
1365 1926 1449 1966 nisi
1486 1925 1608 1981 sciat*
1638 1925 1745 1979 quid

257 1991 461 2031 Naziraei
475 1991 880 2044 repraesentabant
897 2004 906 2041 ;
932 1993 958 2010 “
972 1989 1013 2030 N
1017 1989 1177 2030 aziraei
1188 1988 1206 2004 ”
1221 1988 1627 2042 repraesentabant
1646 1987 1743 2029 Do-

257 2055 424 2095 minum
461 2053 608 2107 quoad
647 2053 858 2093 Divinum
895 2052 1120 2102 caeleste;
1162 2058 1208 2092 et
1245 2052 1347 2105 quia
1379 2051 1529 2091 omnia
1566 2056 1744 2092 statuta

255 2117 475 2158 ecclesiae
493 2122 600 2157 tunc
623 2115 1027 2169 repraesentabant
1050 2114 1159 2156 talia
1181 2127 1294 2168 quae
1317 2114 1431 2155 caeli
1454 2120 1500 2155 et
1522 2113 1743 2155 ecclesiae

257 2185 376 2227 sunt,
401 2180 464 2219 ita
486 2193 599 2232 quae
623 2178 819 2227 Domini,
845 2191 950 2219 nam
975 2191 1001 2218 a
1028 2177 1224 2218 Domino
1247 2182 1351 2217 sunt
1378 2176 1530 2217 omnia
1555 2176 1669 2217 caeli
1695 2183 1744 2218 et

256 2242 489 2290 ecclesiae,
514 2248 560 2282 et
587 2242 687 2295 quia
709 2241 954 2294 principale
976 2239 1414 2294 repraesentativum
1438 2239 1621 2279 Domini
1643 2245 1743 2280 erat

258 2305 567 2353 Naziraeatus,
591 2304 694 2344 inde
718 2318 794 2357 per
816 2304 893 2344 illa
913 2303 1051 2345 verba
1072 2301 1348 2356 significatur
1369 2302 1489 2355 quod
1515 2313 1650 2343 omne
1672 2315 1742 2343 re-

254 2368 643 2422 praesentativum
667 2367 849 2407 Domini
871 2367 1063 2420 perierit.
1113 2365 1367 2407 Genuinum
1389 2365 1743 2418 repraesentati-

256 2443 360 2471 vum
380 2430 562 2470 Domini
580 2429 846 2470 describitur
863 2443 941 2482 per
961 2428 1101 2469 “Albi
1123 2433 1250 2469 erant
1270 2427 1476 2467 Naziraei
1498 2440 1604 2480 prae
1624 2427 1740 2476 nive,

187 2530 191 2534 .
255 2500 303 2534 et
329 2492 508 2534 candidi
533 2498 662 2532 erant
694 2506 799 2545 prae
826 2490 982 2539 la&e,”
1007 2505 1087 2545 per
1111 2504 1224 2544 quae
1255 2489 1532 2543 significatur
1562 2503 1744 2542 reprae-

256 2556 531 2598 sentativum
560 2555 708 2595 Divini
731 2555 839 2596 Veri
866 2562 912 2596 et
939 2555 1089 2595 Divini
1121 2554 1235 2595 Boni
1266 2554 1310 2594 in
1337 2566 1416 2593 sua
1440 2550 1741 2606 perfe&ione;

259 2623 284 2639 ‘⁴
295 2618 470 2660 album‘'
481 2619 599 2659 enim
614 2618 897 2671 praedicatur
908 2618 964 2658 de
975 2631 1095 2666 vero,
1110 2616 1314 2658 similiter
1328 2615 1481 2665 “nix;'’
1496 2621 1542 2656 et
1556 2615 1742 2655 “candi-

254 2681 384 2723 dum”
396 2681 451 2722 de
466 2681 587 2722 bono
599 2681 704 2728 veri,
718 2679 922 2721 similiter
935 2684 960 2700 “
974 2678 1087 2721 1ac:”
1103 2678 1223 2734 quod
1238 2691 1372 2719 omne
1387 2677 1742 2731 repraesentati-

254 2757 359 2785 vum
382 2744 532 2784 Divini
549 2743 657 2784 Veri
679 2743 962 2796 deperditum
985 2744 1057 2791 sit,
1074 2742 1339 2783 describitur
1353 2754 1431 2795 per
1447 2744 1471 2760 ‘⁴
1485 2739 1742 2781 Obscurata

255 2814 325 2848 est
352 2820 458 2861 prae
481 2806 714 2859 nigredine
739 2806 882 2846 forma
907 2819 1075 2854 eorum,
1100 2818 1190 2846 non
1217 2809 1554 2857 cognoscuntur
1576 2803 1620 2842 in
1643 2801 1741 2855 pla-

255 2870 383 2921 teis;”
407 2868 615 2911 “forma”
630 2868 853 2921 significat
871 2868 1002 2922 quale
1016 2869 1121 2917 veri,
1137 2871 1162 2888 ‘⁴
1175 2867 1362 2920 nigredo
1374 2866 1393 2881 ”
1406 2864 1631 2919 significat
1650 2877 1741 2904 non

253 2932 444 2987 amplius
470 2945 705 2986 apparenS,
736 2931 953 2985 “plateae
967 2931 986 2946 '⁹
1008 2929 1262 2983 significant
1289 2941 1394 2969 vera
1419 2925 1663 2972 doctrinae.
1691 2933 1739 2967 et
