2008 3360
635 356 742 389 CAP.
766 357 845 397 V1.,
869 358 1007 391 VERs.
1029 357 1177 401 4.-Ν,
1202 346 1367 402 365[b].
1630 373 1633 376 ᾗ
1662 356 1743 402 711

247 472 295 509 et
320 467 413 508 veri
443 467 562 521 apud
595 471 949 523 unumquemvis.
1011 470 1124 511 Inde
1156 477 1226 511 est
1259 469 1380 523 quod
1413 483 1491 523 per
1517 468 1747 523 “pacem”

247 530 292 570 in
318 543 526 584 supremo
548 544 682 572 sensu
708 532 985 588 significetur
1008 533 1242 581 Dominus,
1267 533 1311 573 in
1337 546 1472 573 sensu
1494 530 1747 586 respeffivo

248 593 422 634 caelum
450 600 496 635 et
528 594 720 635 ecclesia
751 596 794 635 in
827 597 1068 645 communi,
1096 603 1143 637 et
1174 610 1354 650 quoque
1385 595 1559 636 caelum
1592 601 1638 636 et
1670 608 1746 636 ec-

248 656 386 698 clesia
416 658 459 697 in
493 658 750 710 particulari
782 659 899 712 apud
932 660 1287 714 unumquemvis.
1358 658 1492 712 Quod
1524 659 1636 699 haec
1669 672 1747 712 per

249 722 446 773 “pacem
459 720 478 735 ”
503 721 548 760 in
576 720 730 761 Verbo
763 721 1084 774 significentur,
1109 729 1320 763 constare
1345 728 1499 776 potest
1525 736 1584 762 ex
1610 721 1746 775 pluri-

246 782 329 824 bus
368 782 478 823 locis
515 783 587 831 ibi,
621 797 809 837 quorum
847 787 1089 838 sequentia
1126 785 1182 826 ad
1221 784 1610 826 confirmationem
1642 784 1747 826 volo

246 845 471 887 adducere
489 846 701 900 z—Apud
728 846 996 897 Jolcannem,
1058 897 1061 898 ⁷

319 935 425 977 Jesus
441 935 540 972 dixit,
558 937 580 949 ‘¹
594 935 722 967 Pacem
748 937 909 978 relinquo
928 938 1042 976 vobis,
1060 947 1184 978 pacem
1202 947 1319 969 meam
1342 937 1391 969 do
1407 937 1511 968 vobis
1526 946 1533 972 ;
1565 947 1638 968 non
1657 937 1749 969 sicut

422 979 575 1010 mundus
592 980 652 1010 dat
671 979 748 1020 Ego
765 980 812 1011 do
829 982 932 1012 vobis
946 992 953 1012 :
981 991 1025 1012 ne
1045 982 1205 1013 turbator
1221 991 1282 1013 cor
1299 987 1470 1019 vestrum,
1487 991 1601 1022 neque
1626 979 1749 1012 formi-

421 1022 511 1055 det''
527 1023 613 1062 (xiv.
635 1024 709 1063 27):

245 1105 395 1158 agitur
416 1105 473 1146 ibi
500 1105 557 1146 de
583 1106 746 1146 unione
771 1105 953 1147 Domini
979 1120 1080 1147 cum
1104 1107 1250 1156 Patre,
1274 1106 1360 1148 hoc
1387 1113 1471 1155 est,
1495 1106 1551 1147 de
1578 1107 1744 1147 unione

247 1164 399 1209 Divin'i
433 1167 631 1209 Humani
667 1169 811 1222 Ipsius
849 1182 949 1210 cum
986 1170 1083 1223 ipso
1116 1169 1281 1210 Divino
1312 1169 1433 1224 quod
1470 1170 1514 1210 in
1548 1169 1655 1223 Ipso
1686 1182 1746 1210 ex

249 1232 564 1284 conceptione,
593 1238 638 1272 et
666 1232 770 1272 inde
797 1232 853 1272 de
879 1231 1196 1285 conjunctione
1223 1232 1406 1273 Domini
1431 1246 1533 1272 cum
1560 1232 1646 1273 illis
1672 1233 1748 1286 qui

247 1294 292 1335 in
314 1296 430 1335 veris
453 1309 511 1335 ex
537 1295 659 1335 bono
684 1302 816 1346 sunt;
850 1296 954 1336 inde
981 1309 1058 1349 per
1082 1300 1106 1315 ‘⁴
1123 1294 1313 1349 pacem”
1334 1295 1602 1348 intelligitur
1626 1302 1749 1337 tran-

247 1357 433 1412 quillum
461 1359 627 1399 mentis
654 1372 713 1399 ex
741 1358 818 1399 illa
839 1357 1178 1411 conjunctione:
1212 1365 1258 1399 et
1281 1359 1383 1412 quia
1408 1372 1486 1412 per
1511 1358 1748 1400 illamtuti

247 1427 351 1462 sunt
373 1435 399 1462 a
426 1421 554 1462 malis
580 1429 626 1462 et
653 1421 775 1462 falsis
802 1436 915 1475 quae
941 1422 998 1462 ab
1024 1421 1209 1469 inferno,
1238 1428 1413 1462 tutatur
1438 1422 1557 1462 enim
1586 1422 1745 1462 Domi-

248 1497 329 1524 nus
351 1483 452 1524 illos
475 1485 548 1538 qui
572 1484 734 1525 Secum
758 1483 982 1537 conjuncti
1005 1491 1124 1531 sunt,
1144 1484 1246 1525 ideo
1268 1484 1390 1532 dicit,
1412 1488 1436 1504 “
1451 1484 1520 1525 Ne
1542 1486 1748 1526 turbator

246 1560 324 1588 cor
354 1554 569 1596 vestrum,
603 1561 748 1601 neque
780 1547 1030 1588 formidet.‘’
1105 1547 1231 1588 Haec
1271 1547 1435 1588 Divina
1473 1561 1564 1601 pax
1596 1555 1667 1589 est
1703 1548 1747 1588 in

247 1610 454 1661 homine;
487 1618 533 1651 et
561 1612 664 1664 quia
695 1610 966 1655 est.caelum
996 1624 1096 1651 cum
1128 1610 1218 1659 illa,
1245 1611 1382 1651 etiam
1414 1624 1493 1664 per
1521 1610 1748 1664 “pacem”

220 1676 227 1678 ’
247 1674 305 1714 ibi
329 1673 599 1727 intelligitur
621 1674 811 1722 caelum,
836 1681 881 1714 et
904 1675 947 1714 in
971 1687 1180 1726 supremo
1202 1687 1335 1719 sensu
1358 1673 1590 1714 Dominus.
1652 1674 1746 1715 Pax

250 1743 403 1787 autem
435 1737 590 1777 mundi
627 1744 697 1777 est
730 1728 789 1777 ex
822 1737 1104 1777 successibus
1137 1736 1209 1785 ibi,
1243 1737 1306 1777 ita
1337 1750 1397 1777 ex
1429 1735 1746 1789 conjunGtione

247 1813 348 1840 cum
371 1800 566 1850 mundo;
600 1814 714 1854 quae
736 1801 838 1854 quia
860 1807 929 1840 est
953 1800 1089 1840 modo
1112 1807 1319 1848 externa,
1343 1807 1390 1841 et
1412 1813 1502 1840 non
1526 1800 1747 1841 Dominus

248 1870 294 1904 et
318 1863 421 1903 inde
440 1877 529 1903 non
548 1863 722 1904 caelum
746 1864 790 1903 in
813 1863 902 1911 illa,
924 1864 1037 1916 perit
1056 1876 1156 1903 cum
1175 1864 1268 1903 vita
1285 1863 1477 1903 hominis
1499 1863 1542 1903 in
1561 1863 1743 1912 mundo,

250 1932 297 1966 et
329 1926 519 1966 vertitur
559 1926 602 1966 in
641 1939 731 1966 non
765 1939 950 1979 pacem3
993 1926 1095 1965 ideo
1132 1925 1240 1966 dicit
1273 1925 1508 1973 Dominus,
1544 1926 1746 1967 “Pacem

252 2002 398 2029 meam
435 1989 494 2029 do
525 1989 679 2040 vobis;
722 2002 813 2029 non
849 1990 962 2029 sicut
1005 1989 1196 2028 mundus
1233 1988 1312 2029 dat
1349 1988 1453 2041 Ego
1493 1989 1552 2029 do
1582 1988 1748 2030 vobis.'‘

251 2050 390 2105 Apud
416 2052 624 2100 eundem,
1696 2051 1698 2053 ’

319 2140 424 2183 Jesus
448 2141 549 2179 dixit,
573 2141 709 2172 “Haec
734 2141 874 2172 locutus
900 2150 978 2172 sum
1003 2141 1116 2178 vobis,
1137 2146 1176 2172 ut
1199 2141 1236 2172 in
1262 2140 1324 2172 Me
1347 2150 1472 2181 pacem
1496 2141 1681 2178 habeatis:
1709 2141 1745 2173 in

422 2185 558 2216 mundo
568 2184 798 2216 afflictionem
812 2185 950 2216 habetis
964 2195 970 2216 ε
997 2185 1059 2216 sed
1073 2184 1250 2223 confidite,
1269 2184 1346 2225 Ego
1358 2184 1426 2216 vici
1439 2185 1613 2216 mundum
1627 2184 1644 2196 '¹
1657 2184 1743 2225 (xvi.

428 2230 503 2269 33):

247 2305 384 2345 etiam
406 2304 476 2345 hic
510 2318 587 2358 per
615 2308 809 2358 “pacem
829 2303 848 2318 ’⁹
874 2303 1145 2356 intelligitur
1161 2303 1408 2356 jucundum
1434 2305 1660 2345 internum
1687 2318 1746 2346 ex

251 2366 567 2420 conjunctione
591 2381 692 2408 cum
717 2367 929 2415 Domino,
955 2367 1073 2407 unde
1096 2367 1269 2407 caelum
1293 2373 1339 2408 et
1361 2368 1573 2420 gaudium
1599 2374 1748 2409 aeter-

248 2443 367 2470 num.
430 2429 688 2484 Opponitur
710 2431 779 2471 hic
800 2443 889 2483 pax
914 2427 1156 2477 afflictioni,
1175 2431 1277 2483 quia
1295 2444 1372 2483 per
1391 2429 1749 2471 “afflictionem'’

248 2492 525 2546 significatur
552 2493 783 2534 infestatio
813 2507 838 2533 a
867 2491 993 2532 malis
1020 2499 1066 2532 et
1088 2492 1224 2541 salsis,
1252 2506 1365 2546 quae
1392 2492 1478 2532 illis
1503 2500 1573 2533 est
1600 2494 1673 2546 qui
1704 2494 1748 2534 in

248 2569 359 2609 pace
393 2557 557 2597 Divina
589 2564 693 2597 sunt
732 2556 946 2609 quamdiu
978 2556 1133 2596 vivunt
1165 2556 1209 2595 in
1242 2555 1436 2606 mundo;
1475 2569 1580 2596 caro
1611 2557 1746 2605 enim,

247 2633 380 2672 quam
404 2626 511 2660 tunc
535 2619 869 2665 circumferunt,
897 2619 1175 2671 concupiscit
1201 2617 1277 2658 illa
1299 2632 1413 2672 quae
1435 2619 1588 2659 mundi
1615 2626 1747 2669 sunt;

247 2682 351 2722 inde
391 2669 599 2723 afflictio:
642 2696 779 2735 quare
825 2682 933 2721 dicit
976 2681 1211 2729 Dominus,
1242 2681 1347 2722 “Ut
1388 2682 1431 2721 in
1474 2681 1549 2721 Me
1589 2694 1748 2734 pacem

248 2745 480 2794 habeatis;
519 2746 561 2785 in
590 2745 757 2785 mundo
790 2742 1031 2784 afflictione
1063 2744 1290 2785 habetis:''
1322 2751 1367 2785 et
1400 2745 1502 2798 quia
1529 2744 1748 2784 Dominus

247 2807 398 2860 quoad
443 2807 705 2848 Humanum
748 2820 873 2847 suum
918 2807 1153 2860 acquisivit
1195 2806 1286 2848 Sibi
1323 2808 1575 2861 potentiam
1617 2820 1749 2860 super

247 2870 431 2918 inferna,
450 2871 513 2911 ita
531 2884 661 2923 super
680 2868 797 2910 mala
815 2877 860 2910 et
883 2869 993 2910 falsa
1010 2884 1123 2923 quae
1145 2871 1248 2911 inde
1266 2871 1383 2924 apud
1402 2870 1746 2923 unumquemvis

248 2940 489 2986 assurgunt
526 2934 569 2973 in
608 2946 788 2974 carnem
821 2939 866 2973 et
904 2932 1134 2982 infestant,
1167 2934 1269 2975 ideo
1301 2934 1424 2983 dicit,
1459 2932 1744 2982 “Confidite,

249 2994 355 3048 Ego
382 2996 468 3036 vici
495 2995 748 3036 mundum.”
807 2995 944 3048 Apud
970 2995 1149 3046 Lucam,
