2008 3360
684 297 791 330 cAP.
814 298 894 338 VL,
919 297 1056 330 VERs.
1079 296 1228 340 4.-Ν,
1253 285 1354 340 366„
1717 293 1801 337 729

306 410 599 453 falsificantur
620 413 758 453 etiam
781 413 1161 466 exstinguuntur;
1194 424 1272 465 per
1297 407 1658 451 falsificationem
1680 407 1800 448 enim

306 474 357 516 fit
378 474 490 516 alius
513 474 771 516 intellectus
789 489 957 525 eorum,
976 489 1028 516 ac
1046 487 1201 516 verum
1223 479 1293 515 est
1311 485 1466 514 verum
1484 471 1622 512 cuivis
1640 483 1799 511 secun-

306 538 413 579 dum
449 536 732 579 intelleGmm
769 539 825 580 de
862 553 943 590 eo;
985 551 1112 579 amor
1147 538 1266 579 enim
1303 542 1350 578 et
1387 534 1654 589 principium
1686 546 1800 586 quae

305 607 500 655 regnant
526 601 571 642 in
596 601 794 650 homine,
818 601 1007 643 trahunt
1029 601 1181 642 omnia
1206 600 1263 641 ad
1290 613 1351 647 se,
1376 605 1423 639 et
1445 597 1678 652 applicant
1702 595 1798 641 sibi,

306 665 445 706 etiam
460 665 563 718 'ipsa
580 679 713 715 vera;
746 679 882 718 quare
905 678 1007 706 cum
1029 677 1155 705 amor
1174 662 1318 704 malus
1341 668 1411 703 est
1434 667 1512 702 aut
1535 660 1799 714 principium

305 727 480 778 falsum,
505 734 613 769 tunc
645 743 752 769 vera
784 727 1056 770 infe&antur
1087 727 1209 769 malo
1239 727 1404 768 amoris
1436 731 1514 766 aut
1540 723 1654 765 salso
1680 724 1799 776 prin-

305 791 421 844 cipii,
449 797 496 832 et
522 792 584 832 sic
611 792 991 845 exstinguuntur:
1027 791 1114 832 hoc
1141 791 1294 844 itaque
1320 795 1390 830 est
1416 787 1537 842 quod
1563 787 1634 827 hic
1661 787 1800 839 signi-

305 853 464 895 fleatur
477 868 556 908 per
569 854 690 909 quod
708 855 820 896 “alii
838 855 950 896 alios
968 853 1217 896 occident.’'
1269 852 1403 906 Quod
1421 851 1507 893 hoc
1526 850 1604 891 fiat
1620 849 1801 904 quando

305 917 474 958 bonum
491 930 583 958 non
601 924 670 958 est
689 917 808 971 apud
831 917 1076 967 hominem,
1096 924 1143 959 et
1162 917 1306 970 magis
1324 915 1506 970 quando
1524 914 1692 954 bonum
1711 926 1801 953 non

305 986 376 1021 est
407 981 451 1020 in
478 978 684 1021 dostrina
716 980 935 1022 ecclesiae
967 981 1075 1034 ejus,
1102 986 1286 1022 constat
1317 993 1377 1020 ex
1409 976 1799 1032 praecedentibus.

306 1042 556 1085 ubidicitur
573 1047 598 1064 ‘⁴
612 1043 724 1085 Cum
743 1043 995 1097 aperuisset
1011 1044 1258 1085 secundum
1275 1041 1488 1096 sigillum,
1504 1041 1648 1082 exivit
1663 1054 1801 1094 equus

305 1106 438 1155 ruqu,
471 1113 518 1148 et
555 1107 733 1148 sedenti
770 1121 902 1160 super
939 1107 1017 1148 illo
1049 1107 1207 1148 datum
1243 1112 1314 1148 est
1350 1104 1513 1146 tollere
1550 1117 1708 1158 pacem
1746 1104 1801 1144 de

305 1175 426 1211 terra
442 1169 476 1221 ;”
507 1184 587 1224 per
607 1184 722 1224 quae
748 1170 1026 1223 significatur
1047 1170 1272 1211 secundus
1293 1175 1443 1210 status
1469 1167 1705 1215 ecclesiae,
1728 1168 1802 1221 qui

305 1239 377 1274 est
408 1234 590 1287 quando
616 1232 875 1274 intelle&us
902 1233 1043 1274 Verbi
1069 1232 1331 1286 deperditus
1356 1232 1415 1272 sit
1441 1230 1591 1285 quoad
1617 1230 1800 1277 bonum,

305 1294 425 1335 Unde
446 1294 634 1335 diSSldia
658 1296 702 1335 in
724 1295 920 1335 ecclesia
942 1306 996 1343 (de
1011 1306 1127 1342 quibus
1142 1305 1287 1334 videatur
1300 1297 1404 1342 su'pra.
1420 1313 1451 1333 n.
1470 1292 1563 1344 361,
1581 1291 1674 1344 364,
1690 1291 1800 1344 365).

306 1355 440 1409 Quod
477 1355 737 1397 intellectus
776 1356 930 1405 Verbi,
965 1370 1043 1396 seu
1074 1356 1194 1410 quod
1230 1355 1364 1404 idem,
1397 1352 1657 1396 intellectus
1693 1354 1800 1401 veri,

305 1420 566 1474 deperditus
593 1420 651 1460 sit
678 1420 859 1474 quando
885 1420 1003 1473 apud
1030 1419 1261 1460 hominem
1287 1431 1378 1461 non
1404 1424 1475 1459 est
1501 1417 1686 1466 bonum,
1714 1417 1800 1458 hoc

305 1490 391 1532 est,
424 1477 606 1537 quando
638 1496 728 1524 non
761 1490 830 1524 est
863 1496 989 1523 amor
1025 1484 1069 1523 in
1108 1482 1352 1523 Dominum
1384 1488 1430 1522 et
1463 1480 1662 1522 charitas
1695 1494 1803 1534 erga

305 1545 581 1598 proximum,
613 1545 823 1584 videatur
855 1558 991 1597 supra
1026 1555 1072 1593 (n.
1095 1543 1273 1596 365[a]):
1316 1543 1487 1583 bonum
1523 1542 1644 1582 enim
1681 1542 1802 1596 apud

304 1606 550 1655 hominem,
574 1620 652 1647 seu
675 1606 795 1660 quod
821 1606 954 1654 idem,
979 1618 1106 1646 amor
1130 1605 1249 1659 apud
1274 1604 1414 1653 illum,
1441 1610 1511 1644 est
1538 1604 1656 1656 ignis
1681 1604 1802 1644 vitae
1849 1603 1860 1615 ⁰

305 1669 412 1722 ejus,
436 1675 483 1710 et
504 1682 660 1711 verum
682 1669 801 1722 apud
823 1668 950 1709 illum
973 1683 1050 1709 seu
1076 1667 1187 1709 fides
1205 1668 1311 1716 veri,
1332 1674 1403 1708 est
1426 1667 1504 1707 lux
1527 1666 1659 1716 inde;
1692 1680 1802 1720 qua-

304 1738 492 1786 propter
516 1731 648 1786 quale
681 1739 751 1773 est
783 1732 952 1772 bonum
984 1746 1063 1772 seu
1087 1731 1231 1785 qualis
1257 1737 1327 1772 est
1356 1743 1484 1771 amor
1508 1729 1628 1783 apud
1659 1728 1800 1776 illum,

305 1795 399 1836 tale
431 1802 501 1836 est
532 1808 688 1836 verum
720 1809 798 1836 seu
830 1794 934 1836 talis
967 1801 1036 1835 est
1069 1793 1180 1835 fides
1211 1795 1304 1835 veri
1336 1793 1454 1847 apud
1488 1793 1628 1833 illum.
1691 1793 1802 1833 Inde

305 1865 517 1901 constare
543 1865 713 1913 potest,
738 1859 773 1900 si
800 1858 969 1900 malurn
995 1864 1065 1899 est
1091 1857 1210 1911 apud
1235 1857 1362 1899 illum
1388 1871 1467 1898 seu
1492 1870 1619 1897 amor
1641 1856 1800 1905 malus,

304 1923 426 1976 quod
457 1936 548 1963 non
574 1935 729 1963 verum
761 1923 818 1963 sit
845 1922 964 1975 apud
995 1921 1136 1970 illum,
1165 1934 1243 1962 seu
1268 1920 1389 1975 quod
1420 1933 1512 1960 non
1543 1919 1655 1960 fides
1680 1920 1800 1969 veri;

305 1984 386 2025 lux
412 1986 532 2026 enim
553 1999 668 2039 quae
694 1999 753 2026 ex
780 1984 858 2026 illo
884 1986 988 2038 igne
1014 1985 1126 2033 exit,
1150 1991 1220 2026 est
1243 1983 1387 2039 qualis
1414 1989 1484 2024 est
1511 1982 1591 2023 lux
1618 1982 1705 2023 illis
1728 1984 1801 2037 qui

305 2048 350 2088 in
372 2048 544 2089 inferno
566 2054 686 2097 sunt,
711 2062 825 2102 quae
847 2054 917 2089 est
944 2047 1024 2088 lux
1046 2047 1183 2096 fatua,
1208 2048 1322 2088 sicut
1349 2046 1429 2088 lux
1451 2061 1510 2088 ex
1532 2046 1802 2087 carbonibus

305 2111 475 2164 ignitis,
504 2125 618 2165 quae
651 2111 730 2151 lux
763 2111 978 2151 influente
1011 2110 1109 2151 luce
1135 2124 1160 2151 e
1185 2109 1314 2151 caelo
1338 2110 1530 2151 vertitur
1561 2110 1605 2149 in
1632 2122 1801 2150 meram

305 2173 561 2228 caliginem.
623 2174 748 2215 Talis
775 2175 913 2215 etiam
940 2179 1010 2214 est
1037 2173 1116 2214 lux
1138 2187 1253 2228 quae
1275 2179 1464 2214 vocatur
1489 2172 1641 2213 lumen
1668 2178 1800 2213 natu-

305 2236 399 2278 rale
425 2237 544 2291 apud
577 2237 736 2286 malos,
764 2250 900 2291 quum
925 2237 1254 2281 ratiocinantur
1278 2242 1438 2277 contra
1466 2250 1536 2277 res
1568 2234 1799 2276 ecclesiae.

307 2298 442 2353 Quod
463 2300 740 2341 falsificaturi
762 2302 852 2341 sint
875 2313 994 2347 vera,
1019 2305 1066 2339 et
1089 2312 1168 2352 per
1189 2299 1232 2340 id
1255 2298 1524 2340 exstincturi
1546 2299 1637 2348 illa,
1662 2300 1801 2340 etiam

305 2363 576 2418 intelligitur
602 2378 680 2418 per
707 2364 890 2404 Domini
915 2362 1052 2403 verba
1077 2363 1196 2416 apud
1220 2362 1514 2412 Matthaeum,

376 2459 483 2502 Jesus
495 2459 584 2491 dixit
596 2459 796 2500 discipulis,
817 2460 838 2473 “
850 2458 983 2490 Tradet
996 2458 1107 2490 frater
1119 2458 1265 2490 fratrem
1274 2483 1282 2492 .
1296 2483 1304 2492 .
1318 2484 1326 2491 .
1335 2483 1344 2497 ,
1360 2465 1463 2499 pater
1476 2459 1598 2497 filium,
1615 2459 1804 2500 insurgent

479 2503 584 2536 liberi
601 2509 727 2535 contra
744 2508 923 2544 parentes,
944 2507 979 2533 et
995 2501 1103 2533 morti
1120 2501 1255 2534 dabunt
1271 2502 1352 2534 illos
1365 2502 1382 2514 ’'
1399 2502 1538 2543 (X.·21):

268 2639 277 2647 ·
305 2594 352 2631 et
378 2589 499 2644 apud
524 2589 702 2639 Lucam,

373 2672 617 2705 “Trademini
636 2682 659 2703 a
678 2671 899 2712 parentibus,
922 2656 958 2701 e't
981 2669 1164 2709 fratribus,
1187 2676 1223 2702 et
1242 2671 1407 2711 cognatis
1426 2677 1462 2702 et
1480 2671 1617 2709 amicis,
1639 2676 1675 2702 et
1693 2670 1801 2702 morti

478 2716 616 2748 dabunt
632 2725 676 2748 ex
692 2714 823 2746 vobis’'
840 2714 924 2754 (xxi.
944 2712 1015 2754 16):

303 2829 383 2870 per
401 2814 692 2870 “parentes,‘'
709 2812 946 2861 “fratres,”
963 2816 988 2833 ‘⁴
1002 2812 1205 2863 liberos,’'
1225 2812 1560 2868 [“cognatos”]
1581 2819 1627 2854 et
1648 2814 1798 2854 “ami-

303 2877 412 2920 cos”
434 2891 525 2919 non
551 2876 869 2930 intelliguntur
894 2875 953 2915 ibi
979 2881 1204 2928 parentes,
1232 2876 1406 2925 fratres,
1432 2876 1571 2925 liberi,
1596 2877 1796 2929 cognati,

303 2942 450 2991 amici,
471 2954 552 2982 nec
571 2954 650 3001 per
671 2943 696 2960 “
710 2937 984 2992 discipulos'’
1003 2937 1319 2992 intelliguntur
1337 2939 1556 2993 discipuli,
1577 2939 1656 2980 sed
1679 2939 1797 2979 bona
