2008 3360
240 358 244 360 ’
250 379 338 424 720
665 378 998 412 APOCALvPsm
1030 362 1330 412 mmmm.

250 492 445 530 significetur
460 501 551 521 amor
571 492 738 530 spiritualis
759 501 815 521 seu
836 491 979 525 charitas,
995 491 1139 520 videatur
1160 500 1191 521 n.
1205 500 1295 529 4497,
1310 498 1400 529 4502,
1415 498 1511 529 4503:
1534 498 1565 521 et
1579 492 1668 530 quod
1690 499 1754 530 per

250 537 362 567 illum
355 546 387 566 m
402 546 550 575 supremo
564 546 659 566 sensu
673 537 864 573 intelligatur
879 536 1046 570 Dominus,
1062 545 1093 566 n.
1110 538 1199 573 3875,
1214 538 1319 575 3877.)

336 588 416 643 [e.]
459 590 599 643 Apud
623 589 911 637 Ezeclczelem,

322 678 344 692 ‘¹
355 676 456 709 Tunc
473 687 628 718 pangam
646 677 690 708 iis
707 677 835 708 foedus
854 676 964 716 pacis,
981 682 1016 707 et
1030 685 1172 708 cessare
1186 676 1314 708 faciam
1329 676 1442 708 feram
1457 676 1587 708 malam
1602 686 1621 708 e
1635 682 1740 714 terra,

426 726 465 752 ut
482 720 645 752 habitent
662 721 698 752 in
716 720 858 751 deserto
876 729 1011 757 secure,
1028 725 1063 751 et
1079 719 1262 752 dormiant
1279 720 1315 751 in
1333 720 1433 752 silvis
1446 731 1452 752 :
1463 745 1471 752 .
1485 745 1493 752 .
1508 745 1514 751 .
1530 726 1630 751 .tunc
1647 719 1746 752 dabit

427 765 535 795 arbor
560 764 635 804 agri
662 762 816 795 fructum
846 773 961 800 suum,
991 769 1026 795 et
1053 769 1149 794 terra
1173 763 1273 795 dabit
1298 770 1512 804 proventum
1539 773 1642 795 suum
1647 787 1740 801 .....

428 806 570 848 quando
587 807 730 847 fregero
747 807 826 838 lora
844 806 920 847 jugi
937 815 1074 844 eorum,
1094 812 1130 838 et
1150 806 1348 840 liberavero
1367 817 1429 839 eos
1446 817 1465 838 e
1483 817 1593 838 manu
1610 806 1746 838 servire

427 850 635 882 iacientium
654 860 717 882 eos
729 849 746 862 ''
763 849 896 891 (xxxiv.
914 858 966 888 25,
983 849 1057 890 27):

255 944 393 984 etiam
426 943 483 984 ibi
515 944 664 996 agitur
695 944 750 984 de
782 943 983 983 adventu
1021 942 1218 992 Domini,
1251 950 1303 984 et'
1330 943 1385 984 de
1417 943 1746 984 instauratione

256 1006 401 1047 novae
423 1005 642 1047 ecclesiae
664 1006 722 1046 ab
745 1006 877 1058 Ipso;
907 1003 1165 1058 conjunffio
1187 1005 1363 1046 illorum
1381 1007 1454 1060 qui
1476 1006 1533 1046 ab
1555 1006 1748 1047 ecclesia

255 1082 356 1109 cum
395 1069 606 1117 Domino,
641 1068 919 1121 significatur
955 1082 1033 1122 per
1067 1067 1261 1109 “foedus
1298 1068 1450 1123 pacis'’
1482 1069 1600 1122 quod
1638 1075 1745 1110 tunc

255 1139 426 1186 panget
453 1132 531 1182 iis;
564 1132 667 1172 inde
690 1131 836 1172 tutela
858 1138 904 1172 et
928 1132 1147 1172 securitas
1169 1145 1195 1172 a
1221 1131 1351 1172 malis
1373 1138 1419 1173 et
1446 1131 1582 1179 falsis,
1606 1132 1746 1184 signi-

255 1193 413 1235 fleatur
435 1208 513 1248 per
537 1194 764 1235 “Cessare
791 1194 951 1234 faciam
977 1193 1115 1234 feram
1141 1193 1307 1234 malam
1334 1208 1357 1235 e
1385 1201 1518 1242 terra,
1543 1200 1590 1234 ut
1619 1193 1746 1234 habi-

257 1264 357 1298 tent
381 1258 423 1298 in
447 1258 629 1298 deserto
656 1270 823 1305 secure,
849 1264 894 1297 et
918 1257 1144 1297 dormiant
1171 1257 1214 1297 in
1238 1257 1361 1298 silvis
1378 1257 1411 1307 ;'’
1446 1257 1574 1297 “fera
1598 1255 1747 1296 mala”

257 1319 481 1373 significat
505 1320 623 1360 mala
641 1321 787 1360 omnis
809 1321 1001 1372 generis,
1024 1319 1325 1360 “”desertum
1343 1320 1415 1360 ubi
1437 1319 1747 1360 “habitabunt

257 1382 430 1424 secure’
434 1382 698 1435 'significat
732 1382 1006 1435 cupiditates
1038 1381 1144 1422 mali
1175 1382 1295 1438 quod
1330 1395 1419 1422 non
1453 1381 1746 1430 infestabunt,

257 1452 303 1487 et
339 1445 554 1486 “silvae’'
592 1447 635 1486 in
673 1445 831 1499 quibus
866 1444 1175 1493 “dormient,”
1207 1444 1462 1498 significant
1499 1444 1609 1485 salsa
1645 1444 1749 1485 inde

258 1522 372 1562 quae
395 1522 476 1549 nec
505 1508 811 1548 infestabunt:
846 1506 1128 1548 sruffificatio
1154 1507 1258 1548 boni
1285 1521 1363 1561 per
1384 1521 1504 1556 vera,
1527 1513 1572 1548 et
1596 1506 1748 1547 multi-

259 1572 444 1626 plicatio
470 1572 561 1611 veri
588 1585 646 1611 ex
674 1571 809 1619 bono,
835 1570 1145 1624 significantur
1170 1584 1248 1624 per
1273 1570 1438 1611 “Tunc
1466 1571 1591 1611 dabit
1617 1570 1750 1610 arbor

259 1633 447 1676 fructum
485 1647 627 1682 suum,
661 1640 706 1674 et
740 1640 860 1674 terra
891 1633 1017 1674 dabit
1054 1640 1324 1686 proventum
1357 1646 1484 1673 suum
1505 1632 1538 1683 ;’‘
1577 1631 1751 1673 “arbor

260 1699 354 1751 agri
367 1697 385 1712 ''
404 1697 626 1750 significat
651 1698 937 1749 cognitiones
955 1697 1059 1744 veri,
1082 1701 1106 1716 ⁴⁴
1120 1694 1316 1737 fructu&
1335 1695 1559 1749 significat
1582 1695 1749 1736 bonum

260 1761 377 1808 inde,
400 1764 424 1780 ‘⁸
439 1767 558 1800 terra
571 1759 589 1774 ’'
607 1758 831 1811 significat
854 1758 1091 1800 ecclesiam
1111 1759 1260 1812 quoad
1287 1758 1469 1807 bonurn,
1489 1759 1552 1798 ita
1574 1770 1750 1811 quoque

260 1823 427 1864 bonum
450 1821 683 1870 ecclesiae,
703 1829 748 1862 et
775 1826 799 1841 ⁴⁴
814 1828 1060 1874 proventus
1082 1820 1175 1873 ejus
1187 1821 1206 1835 ”
1223 1820 1447 1874 significat
1471 1821 1574 1860 inde
1597 1819 1750 1860 multi·

261 1885 552 1939 plicationem
578 1885 695 1925 veri:
729 1884 847 1937 quod
881 1884 991 1924 haec
1020 1883 1127 1924 fient
1151 1883 1237 1924 illis
1264 1890 1504 1937 postquam
1533 1882 1752 1923 Dominus

260 1948 452 1989 removit
480 1947 599 1987 mala
630 1954 675 1987 et
707 1946 818 1986 salsa
845 1960 957 2000 quae
990 1945 1090 1994 illis,
1119 1945 1397 1999 significatur
1425 1959 1503 1999 per
1531 1945 1752 1998 “quando

261 2010 436 2063 fregero
462 2010 557 2050 lora
578 2009 671 2062 jugi
698 2023 866 2057 eorurn,
891 2016 936 2050 et
970 2008 1219 2049 liberavero
1245 2023 1268 2049 e
1296 2021 1430 2048 manu
1452 2008 1616 2048 servire
1645 2007 1751 2048 faci-

262 2074 435 2114 entium
462 2072 591 2123 eos;”
625 2072 757 2112 “lora
778 2072 872 2125 jugi
885 2072 905 2086 '’
931 2078 1034 2112 sunt
1062 2071 1259 2124 jucunda
1285 2071 1390 2111 mali
1422 2085 1480 2111 ex
1509 2083 1661 2110 amore
1687 2071 1753 2111 sui

211 2164 217 2170 -
262 2143 308 2177 et
342 2136 494 2176 mundi
520 2149 634 2188 quae
666 2134 767 2175 illos
794 2133 969 2175 vinctos
1002 2141 1190 2184 tenent;
1222 2140 1268 2174 et
1299 2134 1504 2174 “servire
1536 2133 1753 2173 facientes

263 2199 372 2240 eos”
404 2205 507 2239 sunt
539 2198 663 2246 falsa,
697 2198 799 2251 quia
835 2198 946 2238 haec
979 2197 1146 2238 faciunt
1179 2203 1226 2237 ut
1260 2197 1457 2237 serviant
1491 2195 1576 2236 illis
1609 2195 1750 2235 malis.

263 2261 402 2315 Apud
430 2260 707 2309 Samariam,

332 2351 354 2364 ⁸⁴
365 2349 494 2381 Semen
509 2349 606 2389 pacis
620 2354 735 2386 erunt,
751 2349 834 2380 vitis
848 2349 948 2380 dabit
961 2346 1116 2380 fructum
1130 2328 1247 2385 mium,
1264 2354 1299 2379 et
1316 2353 1410 2378 terra
1422 2347 1521 2378 dabit
1538 2352 1752 2387 proventum

438 2402 554 2430 suum,
581 2398 616 2423 et
640 2392 729 2423 caeli
754 2393 891 2423 dabunt
916 2402 1034 2423 rorem
1059 2401 1200 2423 suum:.
1216 2415 1244 2422 ..
1260 2390 1463 2431 ,loquimini
1487 2390 1675 2421 veritatem
1699 2389 1754 2420 vir

438 2446 516 2467 cum
535 2436 634 2467 socio
652 2445 728 2472 suo,
750 2436 936 2466 veritatem
957 2442 992 2466 et
1011 2435 1182 2475 judicium
1203 2434 1300 2474 pacis
1320 2434 1476 2473 judicate
1493 2434 1529 2464 in
1547 2433 1659 2473 portis
1675 2442 1754 2463 ves-

439 2479 504 2511 tris
518 2488 541 2517 ;.
556 2503 563 2511 .
577 2503 585 2511 .
599 2479 802 2510 .veritatem
821 2479 928 2510 modo
946 2485 981 2510 et
998 2487 1122 2519 pacem
1139 2483 1258 2509 amate
1270 2476 1288 2489 ''
1304 2475 1424 2517 (mviii.
1444 2485 1494 2514 12,
1514 2476 1563 2514 16,
1583 2476 1653 2516 19):

267 2576 460 2614 “semen
487 2572 609 2625 pacis
625 2570 644 2586 '’
670 2571 879 2611 dicuntur
904 2571 1023 2624 apud
1050 2583 1162 2624 quos
1188 2576 1257 2611 est
1284 2567 1539 2622 conjunctio
1569 2568 1675 2608 boni
1706 2575 1753 2609 et

264 2637 357 2677 veri
374 2650 383 2685 ;
407 2642 452 2676 et
468 2635 569 2688 quia
583 2633 646 2674 illi
661 2647 738 2687 per
756 2638 946 2674 “semen
963 2635 1085 2688 pacis
1097 2633 1116 2648 ”
1131 2632 1459 2685 intelliguntur,
1476 2631 1577 2671 ideo
1593 2631 1755 2671 dicitur

265 2698 385 2752 quod
406 2698 548 2738 “vitis
566 2697 691 2737 dabit
715 2694 902 2736 fruc‘tum
922 2709 1064 2744 suum,
1084 2702 1129 2736 et
1148 2702 1267 2736 terra
1289 2700 1557 2747 proventum
1576 2699 1702 2733 suum
1720 2693 1754 2743 ;''

266 2774 344 2814 per
358 2760 476 2814 quod
494 2763 519 2779 “
531 2760 636 2800 vitis
650 2759 776 2799 dabit
795 2756 984 2798 fructum
1002 2771 1129 2798 suurn
1142 2757 1161 2772 ”
1176 2755 1452 2810 significatur
1467 2755 1585 2809 quod
1600 2768 1753 2795 verum

259 2815 484 2877 ‘producet
503 2823 685 2869 bonum,
702 2827 747 2861 et
767 2835 845 2874 per
859 2821 978 2874 quod
996 2825 1021 2841 “
1035 2827 1154 2861 terra
1168 2820 1293 2860 dabit
1312 2825 1580 2872 proventum
1595 2830 1722 2857 suum
1734 2817 1754 2831 ’⁹

266 2884 543 2938 significatur
560 2884 680 2938 quod
702 2883 868 2923 bonum
891 2884 1109 2936 producet
1128 2896 1233 2923 vera
1250 2896 1259 2932 ;
1289 2885 1314 2901 ‘⁴
1327 2881 1431 2921 vitis
1443 2880 1462 2895 ’'
1480 2881 1598 2920 enim
1616 2880 1753 2931 signi-

266 2947 371 2988 ficat
398 2947 637 2988 ecclesiam
663 2946 811 3000 quoad
842 2960 961 2994 vera,
990 2960 1067 2986 seu
1093 2959 1198 2986 vera
1229 2943 1461 2991 ecclesiae,
1490 2948 1535 2983 et
1566 2941 1754 2982 “terra'’

254 3010 490 3063 significat
513 3009 751 3050 ecclesiam
773 3009 920 3062 quoad
947 3009 1129 3057 bonum,
1154 3021 1232 3048 seu
1255 3007 1421 3047 bonum
1444 3004 1675 3052 ecclesiae,
1700 3017 1751 3045 ae
