2008 3360
598 345 704 377 CAP.
728 346 828 386 vn„
852 345 990 378 VERS.
1013 346 1164 389 4.—N.
1186 337 1354 392 431[b].
1619 339 1721 393 1065

226 468 359 498 nemo
380 457 464 498 scit
488 457 569 497 nisi
595 457 716 498 solus
740 458 972 507 Dominus,
996 472 1048 500 ac
1075 459 1270 512 apostoli
1296 474 1352 501 ne
1379 460 1559 514 quidem
1582 462 1722 502 vitam

225 520 364 560 unius.
396 555 398 559 ,
425 519 491 561 At
529 521 572 560 in
610 534 742 562 sensu
779 522 995 574 spirituali
1029 536 1108 575 per
1146 522 1420 578 “duodecim
1458 523 1724 576 apostolos”

223 582 532 636 significantur
557 585 707 624 omnia
732 599 837 625 vera
863 599 921 625 ex
950 586 1082 634 bono,
1110 599 1189 638 per
1215 586 1411 626 “sedere
1437 599 1568 639 super
1596 587 1722 628 thro-

223 646 291 686 nis
301 645 321 660 '’
343 645 619 699 significatur
634 646 863 699 judicium,
882 655 929 689 et
952 661 1031 701 per
1054 648 1330 690 “duodecim
1352 649 1494 689 tribus
1513 649 1691 690 Israelis
1705 650 1723 664 ”

223 708 530 761 significantur
561 722 718 750 omnes
750 711 823 763 qui
854 711 911 751 ab
942 710 1159 762 ecclesia;
1200 725 1336 765 quare
1368 725 1446 764 per
1479 711 1555 752 illa
1586 712 1723 753 verba

175 767 181 771 ’
222 770 498 824 significatur
522 773 642 826 quod
675 773 895 814 Dominus
922 774 1196 827 judicaturus
1227 776 1285 816 sit
1317 789 1476 815 omnes
1505 789 1563 816 ex
1596 775 1721 816 Divi-

222 848 282 875 no
312 834 436 876 Vero
472 842 518 876 et
556 836 800 877 secundum
838 838 1144 890 receptionem
1182 837 1273 891 ejus
1309 839 1354 878 in
1391 838 1525 879 bono.
1587 837 1721 891 Quod

221 897 297 938 illa
328 911 406 951 per
433 898 735 951 “apostolos’'
762 906 808 940 et
841 913 918 952 per
946 900 1125 941 “tribus
1157 901 1365 942 Israelis”
1396 901 1719 954 significentur,

221 967 350 1013 patet
376 961 612 1003 manifeste
638 976 698 1003 ex
724 962 791 1002 his
818 963 861 1003 in
886 963 1175 1017 Apocalypsi,

295 1057 400 1090 Nova
417 1058 675 1099 Hierosolyma
694 1059 881 1091 “habebat
897 1070 1037 1092 murum
1050 1070 1221 1101 magnum
1238 1067 1274 1092 et
1290 1061 1413 1099 altum,
1429 1061 1622 1093 habentem
1640 1071 1720 1102 por-

394 1108 448 1134 tas
465 1102 664 1140 duodecim,
684 1109 719 1134 et
736 1113 843 1143 super
860 1104 971 1143 portis
987 1104 1137 1144 angelos
1153 1105 1354 1142 duodecim,
1374 1111 1409 1137 et
1426 1105 1574 1136 nomina
1590 1106 1723 1146 scripta

395 1155 484 1187 quae
504 1152 588 1177 sunt
606 1146 792 1177 duodecim
818 1147 971 1179 tribuum
993 1147 1143 1179 filiorum
1166 1147 1308 1179 Israelis
1324 1158 1347 1184 ;.
1362 1173 1369 1180 .
1383 1173 1390 1180 .
1405 1155 1456 1180 ‚et
1475 1158 1596 1180 murus
1616 1150 1722 1180 habe-

394 1190 455 1221 bat
470 1189 704 1221 fundamenta
716 1190 915 1227 duodecim,
933 1197 968 1222 et
985 1191 1021 1222 in
1038 1191 1093 1223 his
1107 1191 1255 1223 nomina
1270 1192 1456 1233 duodecim
1473 1193 1719 1233 apostolorum

394 1232 519 1274 Agni’'
535 1233 619 1273 (xxi.
639 1242 689 1270 12,
709 1236 762 1273 14)
778 1243 785 1271 ;

220 1340 299 1379 per
330 1327 548 1368 “Novam
582 1327 949 1381 Hierosolymam
962 1329 981 1343 ’¹
1013 1342 1095 1370 nec
1127 1329 1394 1383 intelligitur
1424 1330 1572 1384 aliqua
1603 1344 1722 1372 nova

221 1389 554 1443 Hierosolyma,
587 1404 669 1432 nec
702 1405 781 1444 per
814 1396 1025 1432 “murum
1038 1392 1057 1406 ”
1087 1398 1134 1433 et
1168 1392 1391 1446 “portas'’
1422 1393 1514 1446 ejus
1554 1393 1719 1434 intelli-

219 1459 387 1505 guntur
427 1467 576 1494 murus
613 1461 659 1495 et
697 1462 869 1507 portae,
909 1468 991 1495 nec
1034 1468 1112 1508 per
1150 1455 1424 1496 “duodecim
1465 1456 1637 1497 tribus’'
1674 1464 1720 1498 et

221 1515 523 1569 “apostolos’'
545 1517 782 1558 duodecim
805 1518 945 1559 tribus
968 1525 1014 1559 et
1037 1518 1258 1571 apostoli;
1291 1519 1410 1572 quod
1434 1532 1612 1572 prorsus
1634 1519 1721 1561 alia

218 1590 298 1630 per
335 1579 512 1632 singula
550 1579 872 1633 significentur,
915 1587 1042 1633 patet
1081 1581 1227 1622 solum
1266 1595 1326 1622 ex
1367 1596 1435 1630 eo,
1477 1582 1599 1635 quod
1641 1596 1721 1636 per

220 1642 438 1683 “Novam
467 1643 834 1696 Hierosolymam
846 1643 864 1658 ’‘
890 1643 1171 1696 intelligatur
1202 1657 1319 1684 nova
1350 1643 1542 1684 ecclesia
1572 1645 1720 1697 quoad

219 1703 497 1757 doctrinam3
534 1720 670 1760 quare
704 1706 935 1759 “angeli,’'
962 1706 1141 1747 “tribus
1153 1706 1172 1721 ”
1202 1712 1249 1747 et
1283 1706 1516 1759 “apostoli
1529 1706 1548 1720 ”
1579 1707 1718 1760 signi-

218 1767 354 1810 ficant
380 1769 489 1810 talia
514 1783 628 1823 quae
654 1784 798 1811 novae
824 1769 939 1810 illius
964 1769 1182 1810 ecclesiae
1208 1776 1327 1818 sunt,
1355 1783 1468 1823 quae
1495 1771 1646 1810 omnia
1670 1784 1718 1811 se

217 1831 414 1873 referunt
436 1833 494 1873 ad
511 1846 664 1874 verum
683 1840 729 1874 et
747 1833 804 1873 ad
827 1833 1009 1881 bonum,
1029 1838 1076 1873 et
1094 1832 1151 1873 ad
1169 1830 1531 1885 conjunctionem
1549 1846 1718 1880 eorum,

218 1893 409 1945 proinde
439 1895 498 1934 ad
522 1908 631 1935 Vera.
661 1909 721 1935 CX
751 1895 888 1935 bOnO.
947 1905 1027 1943 (Sed
1040 1905 1120 1934 haec
1135 1905 1329 1934 videbuntur
1343 1905 1501 1942 explicata
1514 1904 1547 1933 in
1561 1905 1721 1942 sequenti·

216 1957 294 1992 bus;
318 1957 351 1986 in
365 1966 491 1986 summa
509 1963 616 1987 autem
632 1959 790 1996 explicata
803 1963 876 1987 sunt
895 1958 927 1986 in
942 1958 1099 1995 opusculo
1115 1958 1166 1987 De
1181 1958 1337 1987 DoCtrina
1351 1958 1461 1987 Novae
1474 1958 1718 1996 Hierosolymae,

217 2018 248 2039 n.
266 2009 308 2048 1.)
365 1999 506 2053 Apud
532 2001 772 2050 Davidem,

286 2095 309 2109 ‘⁴
321 2093 577 2136 Hierosolyma
589 2095 774 2127 aedificata
787 2102 841 2127 est
854 2095 944 2127 sicut
956 2096 1040 2127 urbs
1051 2105 1142 2136 quae
1154 2095 1320 2127 cohaeret
1333 2096 1400 2127 sibi
1417 2105 1509 2131 una:
1534 2105 1578 2127 eo
1594 2105 1728 2127 ascen--

390 2139 479 2170 dunt
492 2139 614 2176 tribus,
631 2140 743 2170 tribus
756 2139 835 2181 jah,
852 2139 1097 2170 testimonium
1114 2138 1248 2177 Israeli,
1262 2139 1308 2171 ad
1321 2139 1563 2171 confitendum
1579 2139 1730 2170 nomini*

390 2182 578 2224 Jehovae”
598 2183 670 2221 (Ps.
687 2183 791 2214 cxxii.
809 2180 876 2224 [3,]
891 2182 946 2222 4):

216 2296 296 2336 per
322 2287 346 2304 ‘⁴
362 2283 758 2337 Hierosolymam''
779 2285 917 2325 etiam
949 2285 1019 2325 hic
1047 2284 1323 2338 significatur
1353 2284 1543 2325 ecclesia
1569 2285 1728 2338 quoad¹

216 2344 482 2395 doctrinam,
509 2361 622 2401 quae
650 2348 812 2388 dicitur
839 2346 1116 2388 “aedificata
1140 2348 1255 2388 sicut
1286 2347 1390 2388 urbs
1411 2361 1525 2401 quae
1552 2347 1730 2388 cohae--

215 2415 284 2450 ret
316 2410 397 2450 sibi
434 2410 559 2458 una‚’'
591 2424 690 2451 cum
723 2410 873 2451 omnia
910 2408 1140 2450 doctrinae
1178 2410 1271 2463 ejus
1307 2411 1640 2452 consentientia
1671 2417 1727 2451 etx

216 2473 426 2512 unanima
451 2480 571 2521 sunt,
599 2479 644 2514 et
677 2486 777 2514 cum
810 2479 967 2513 mutuo
999 2471 1207 2525 spectant
1241 2473 1486 2514 Dominum
1515 2486 1566 2514 ac
1591 2486 1728 2513 amo--

215 2548 308 2575 rem
330 2535 374 2575 in
394 2535 546 2588 Ipsum
563 2536 620 2576 ab
644 2536 750 2588 Ipso
768 2542 816 2576 ut
839 2536 1102 2588 principium
1120 2543 1166 2577 et
1184 2535 1343 2577 finem:
1371 2536 1534 2576 dicitur
1557 2536 1726 2576 “aedi--

215 2596 350 2638 ficata
380 2599 494 2640 sicut
526 2599 668 2646 urbs,'‘
694 2599 797 2652 quia
829 2598 971 2638 “urbs
984 2598 1003 2613 '’
1035 2598 1260 2652 significat
1292 2597 1571 2650 doctrinam;
1611 2613 1718 2640 vera

215 2658 445 2701 doctrinae
482 2675 595 2715 quae
633 2659 856 2714 spectant,
889 2660 1198 2714 significantur
1237 2675 1316 2715 per
1347 2662 1541 2711 “tribus,
1575 2662 1718 2703 tribus

212 2722 346 2775 Jah;'’
387 2736 464 2776 per
491 2724 700 2765 “tribus’'
726 2722 1033 2776 significantur
1064 2738 1183 2773 vera,
1210 2731 1257 2766 et
1288 2738 1367 2778 per
1394 2725 1573 2765 “tribus
1596 2724 1715 2778 Jah’‘

214 2799 320 2826 vera
345 2800 405 2827 ex
436 2787 557 2828 bono
579 2801 691 2840 quae
717 2801 743 2827 a
770 2786 994 2836 Domino;
1035 2787 1181 2828 cultus
1206 2788 1308 2828 inde
1335 2787 1612 2841 significatur
1637 2801 1715 2840 per

216 2847 456 2889 “confiteri
483 2850 650 2889 nomini
671 2847 908 2902 Jehovae.”
969 2847 1190 2902 Quoniam
1215 2863 1293 2903 per
1317 2849 1599 2891 “Israelem’'
1622 2851 1713 2902 sig-

214 2910 418 2952 nificatur
443 2911 634 2953 ecclesia
658 2925 771 2965 quae
802 2912 846 2952 in
872 2911 988 2952 veris
1020 2925 1078 2953 ex
1112 2912 1233 2954 bono
1258 2919 1342 2963 est,
1368 2913 1470 2954 ideo
1499 2911 1637 2953 Israel
1669 2913 1712 2953 in

215 2972 371 3015 Verbo
399 2981 587 3015 vocatur
