2008 3360
277 372 364 419 686
691 380 1025 415 APOCALvPsm
1055 378 1355 414 EXPLICATA.

278 500 360 540 inis
379 499 507 548 veris,
529 496 786 551 legentibus
804 495 1006 537 Verbum
1029 494 1144 535 sicut
1167 494 1349 536 lucerna
1367 509 1376 546 3
1409 501 1455 536 et
1478 495 1674 536 vicissim
1696 500 1766 536 est

280 562 483 603 Verbum
509 561 596 601 illis
621 560 694 614 qui
720 560 889 612 absque
915 555 1120 598 d0&rina
1145 556 1188 598 id
1215 556 1388 611 legunt,
1412 558 1527 598 sicut
1553 557 1767 598 candela-—

277 625 405 665 brum
428 624 596 677 absque
621 622 788 663 lumine
814 621 1011 675 positum
1037 620 1081 660 in
1105 619 1297 661 obscuro
1323 618 1438 669 loco,
1463 633 1542 673 per
1563 618 1682 673 quod
1708 618 1768 659 ibi

278 686 386 727 nihil
423 687 575 734 videri,
614 685 728 734 sciri,
767 684 925 737 inquiri
961 689 1007 724 et
1045 683 1232 723 inveniri
1269 689 1436 736 potest,
1472 682 1591 737 quod
1631 680 1769 722 saluti

278 749 504 798 conducit,
522 754 700 802 praeter
714 747 834 801 quod
849 746 1010 787 abduci
1028 746 1203 799 possint
1217 746 1260 786 i³n
1276 753 1565 800 quoscunque
1580 756 1767 792 erroreS‚

277 813 323 853 in*
343 825 454 866 quos
477 824 603 852 mens
625 818 684 852 ex
706 810 854 864 aliquo
876 821 1030 849 amore
1051 807 1254 858 inclina-t,
1277 815 1354 849 aut
1382 822 1441 849 ex
1467 807 1622 862 aliquo
1644 806 1768 860 prin-

278 876 393 928 cipio
430 874 634 915 trahitur.
707 870 818 913 Inde
855 878 1067 913 constare
1105 877 1259 924 potest
1297 871 1417 926 quod
1455 880 1594 911 nemo·
1625 868 1769 924 possit

277 937 532 991 intelligere
558 936 761 977 Verbum
787 935 958 989 absque
984 932 1202 975 dofitrina.

363 999 590 1050 Secundo,
618 998 745 1049 Quod
762 1012 881 1038 nemo
892 997 1040 1050 possit
1050 1003 1260 1050 pugnare
1273 1003 1424 1038 contra
1440 995 1560 1037 mala
1575 994 1776 1048 etfals'a,

277 1069 320 1103 et
342 1063 569 1116 disszssare
592 1062 686 1111 illa,
710 1061 873 1113 absque
893 1059 1097 1101 doarina
1121 1073 1177 1100 ex
1203 1059 1355 1109 Verbo,
1375 1065 1587 1100 constare
1614 1063 1770 1112 potest

280 1139 339 1166 ex
366 1140 434 1174 eo,
462 1125 581 1179 quod
607 1139 666 1166 ex
693 1122 897 1165 dmstrina
923 1123 1063 1164 videri
1090 1123 1265 1176 possint
1291 1131 1397 1163 vera
1422 1123 1465 1163 in
1492 1136 1572 1162 sua
1598 1122 1697 1162 luce
1723 1127 1771 1162 et

280 1189 323 1230 in
350 1203 430 1230 suo
456 1189 625 1236 ordine,
651 1201 739 1228 non
766 1194 919 1228 autem
946 1200 1005 1227 ex
1030 1185 1185 1227 Verbo
1211 1186 1378 1240 absque
1405 1184 1622 1233 do&rina,
1648 1183 1768 1238 quod

281 1258 409 1306 patet
445 1266 504 1292 ex
542 1262 650 1291 mox
689 1250 1092 1300 antecedentibus;
1134 1255 1181 1290 et
1212 1250 1248 1290 si
1284 1262 1375 1290 non
1411 1254 1599 1302 possunt
1632 1247 1772 1294 videri

282 1327 401 1364 vera,
440 1328 522 1356 nec
561 1319 750 1368 possunt
787 1313 926 1354 videri
962 1312 1074 1354 falsa
1110 1318 1157 1354 et
1194 1312 1326 1361 mala,
1361 1318 1464 1353 sunt
1502 1312 1620 1352 enim
1658 1310 1770 1352 haec

283 1379 492 1432 opposita
515 1377 627 1418 illis:
662 1383 707 1417 et
734 1382 888 1417 tamen
911 1376 1058 1416 omnis
1084 1386 1236 1429 pugna
1257 1381 1418 1416 contra
1440 1374 1559 1415 mala
1582 1381 1628 1415 et
1660 1373 1772 1414 salsa

282 1449 352 1483 est
378 1455 437 1482 ex
463 1441 593 1489 veris,
622 1441 707 1480 hoc
740 1446 810 1480 est
843 1452 924 1493 per
948 1451 1054 1480 vera
1085 1453 1111 1480 a
1142 1438 1365 1489 Domino,
1399 1443 1673 1492 quapropter
1698 1436 1772 1490 qui

284 1504 395 1557 legit
428 1503 629 1544 Verbum
661 1503 830 1556 absque
863 1500 1081 1551 doctrina,
1111 1500 1241 1543 facile
1272 1515 1473 1556 pugnare
1505 1506 1659 1554 potest
1691 1513 1772 1554 pro

283 1568 395 1609 falso
413 1574 573 1608 contra
590 1579 743 1607 verum
767 1572 813 1606 et
837 1579 917 1619 pro
940 1565 1061 1606 malo
1079 1571 1238 1606 contra
1259 1565 1441 1613 bonum,
1462 1563 1772 1605 confirmando

284 1631 359 1671 illa
382 1644 459 1683 per
476 1630 700 1669 sinistram
725 1629 1149 1681 interpretationem
1171 1634 1218 1668 et
1240 1627 1592 1681 applicationem
1615 1639 1772 1667 sensus

285 1693 464 1734 litterae
491 1691 657 1741 Verbi;
690 1691 793 1731 inde
820 1691 1019 1744 sequitur
1061 1691 1180 1745 quod
1212 1690 1350 1731 homo
1376 1703 1466 1730 non
1493 1689 1770 1737 reformetur,

285 1755 550 1796 reformatur
576 1754 693 1794 enim
721 1767 798 1807 per
819 1753 1162 1806 dissipationem
1189 1752 1409 1793 malorum
1435 1758 1481 1793 et
1507 1752 1611 1793 inde
1637 1750 1773 1792 falso-

284 1831 380 1859 rum
407 1831 484 1871 per
505 1830 611 1857 vera
636 1816 863 1869 applicata
886 1817 1020 1856 vitae.
1084 1815 1184 1857 Hoc
1213 1829 1329 1856 nunc
1357 1822 1427 1856 est
1453 1815 1574 1869 quod
1601 1813 1774 1855 intelli-

285 1882 406 1934 gitur
442 1894 520 1934 per
551 1880 669 1933 quod
705 1880 860 1919 “visus
897 1893 1037 1933 equus
1074 1878 1217 1926 albus,
1251 1885 1296 1920 et
1336 1878 1498 1919 sedens
1535 1891 1666 1932 super
1696 1877 1775 1919 illo

286 1945 458 1985 habens
481 1942 672 1991 arcum‚''
691 1956 768 1995 per
788 1946 988 1996 “equum
1006 1941 1156 1983 album
1169 1942 1188 1958 ’'
1205 1942 1323 1983 enim
1344 1940 1621 1994 significatur
1638 1940 1774 1982 intel·

287 2005 429 2048 leftus
454 2006 546 2046 veri
572 2019 629 2046 ex
657 2005 825 2053 Verbo,
849 2012 895 2046 et
922 2019 1000 2058 per
1026 2004 1247 2046 “arcum'’
1270 2004 1547 2058 significatur
1572 2002 1777 2045 doctrina

288 2070 523 2111 charitatis
554 2075 600 2109 et
632 2069 734 2109 inde
766 2067 885 2116 fidei,
919 2083 978 2109 ex
1011 2082 1098 2122 qua
1129 2074 1356 2122 pugnatur
1387 2073 1547 2111 contra
1578 2066 1699 2108 mala
1729 2072 1776 2108 et

287 2132 412 2181 salsa,
437 2145 488 2173 ac
516 2132 788 2185 dissipantur
813 2131 900 2172 illa.

372 2203 548 2252 Tertio,
584 2201 710 2251 Quod
731 2215 849 2241 nemo
868 2201 1017 2254 possit
1039 2200 1202 2254 absque
1222 2200 1425 2241 domina
1445 2213 1467 2241 e
1494 2199 1631 2241 Verbo
1654 2199 1778 2240 intra

287 2265 519 2313 ecclesiam,
548 2264 625 2305 ubi
653 2264 838 2305 Verbum
863 2271 940 2313 est,
956 2263 1071 2318 fieri
1091 2263 1358 2316 spiritualis,
1383 2269 1594 2304 constare
1620 2269 1777 2316 potest-

289 2342 348 2370 ex
375 2328 460 2368 illis
483 2341 596 2384 quae
618 2340 734 2367 nunc
759 2325 878 2368 dieta
904 2333 1023 2376 sunt,
1048 2326 1167 2381 quod
1194 2339 1356 2380 nempe
1379 2326 1581 2367 Verbum
1607 2326 1776 2380 absque

290 2389 493 2431 dotS’trina
511 2402 600 2430 non
619 2389 914 2442 intelligatur,
934 2396 980 2431 et
998 2390 1119 2444 quod
1136 2390 1304 2443 absque
1323 2387 1527 2430 do&rina
1544 2401 1602 2429 ex
1621 2388 1777 2429 Verbo

291 2462 379 2493 non
407 2453 549 2506 possit
572 2452 760 2505 pugnari
782 2459 941 2493 contra
964 2453 1084 2493 mala
1104 2459 1150 2493 et
1176 2451 1314 2502 falsa;
1346 2451 1486 2492 homo
1507 2451 1626 2492 enim
1648 2451 1776 2504 spiri-

290 2515 425 2556 tualis
456 2515 504 2556 fit
537 2529 614 2568 per
645 2516 786 2555 vitam
812 2516 1059 2556 secundum
1093 2515 1255 2556 Divina
1281 2528 1400 2562 vera,
1428 2526 1541 2568 quae
1573 2522 1663 2554 non
1689 2514 1776 2555 scie

290 2579 459 2632 absque
482 2576 698 2627 doftrina,
724 2584 770 2618 et
796 2591 875 2631 per
900 2579 1200 2620 remotionem
1227 2570 1449 2618 malorum
1476 2583 1522 2618 et
1547 2574 1774 2624 falsorum,

289 2651 405 2695 quae
422 2654 504 2681 nec
528 2640 577 2681 fit
595 2641 764 2694 absque
782 2639 999 2690 doctrina,
1019 2647 1068 2682 ut
1086 2652 1218 2695 supra
1235 2638 1409 2681 dietum·
1421 2646 1491 2680 est
1507 2654 1516 2690 ;
1544 2645 1590 2680 et
1607 2639 1777 2692 absque

291 2703 465 2743 duabus
494 2703 580 2743 illis
611 2703 749 2743 homo
781 2715 873 2743 non
903 2704 1182 2752 reformatur,
1215 2704 1279 2744 ita
1310 2715 1403 2743 non
1437 2701 1487 2743 fit
1519 2699 1775 2755 spiritualis,

291 2766 371 2806 sed
402 2772 555 2806 manet
587 2765 817 2814 naturalis,
846 2772 893 2806 et
927 2765 1164 2807 confirmat
1194 2766 1334 2806 vitam
1367 2777 1492 2806 suam
1524 2764 1778 2806 naturalem

291 2841 369 2881 per
391 2841 571 2869 sensum
598 2828 777 2868 litterae
803 2827 956 2876 Verbi,
981 2830 1054 2882 qui
1081 2834 1150 2869 est
1178 2827 1408 2876 naturalis,
1433 2828 1611 2868 sinistre
1636 2827 1776 2868 inter-

292 2891 514 2943 pretando
537 2896 583 2931 et
606 2890 876 2943 applicando
897 2890 1035 2931 illum.
1076 2891 1208 2931 Intra
1227 2889 1458 2939 ecclesiam,
1478 2889 1556 2930 ubi
1575 2888 1776 2937 Verbum,

292 2952 465 3000 dieitur,
490 2953 592 3006 quia
616 2953 679 2993 illi
701 2953 774 3006 qui
799 2959 932 2993 extra
953 2953 1193 2994 ecclesiam
1219 2958 1323 2993 sunt
1349 2964 1439 2993 non
1466 2952 1637 2992 habent
1660 2951 1777 2992 Ver-

291 3014 410 3064 bum,
439 3021 484 3055 et
516 3015 620 3056 inde
651 3014 760 3056 nihil
792 3015 939 3056 sciunt
966 3015 1022 3056 de
1055 3015 1266 3066 Domino,
1294 3021 1340 3056 et
1372 3027 1507 3056 nemo
1534 3013 1778 3068 spiritualis
