2008 3432
547 392 654 425 CAP.
677 392 757 433 vr„
779 391 920 425 VERs.
942 390 1089 424 2.-—N.
1113 390 1163 435 35
1171 380 1279 436 5[b].
1597 378 1684 432 669

187 507 400 556 Domino,
427 512 474 547 et
505 506 609 546 inde
635 506 757 559 ipsae
783 505 1068 558 cognitiones
1099 510 1146 546 et
1177 503 1553 558 praedicationes,
1584 502 1687 543 ideo

186 571 348 611 dicitur
382 569 502 623 quod
536 572 706 622 “super
739 567 1054 609 tintinnabulis
1084 580 1301 621 equorum
1342 567 1427 607 erit
1464 566 1684 609 sanctitas

184 632 420 687 Jehovae.”
488 631 606 692 Quia
648 630 1020 672 “tintinnabula''
1060 629 1377 684 significabant
1419 628 1540 679 talia,
1581 630 1683 671 ideo

186 697 324 738 etiarn

252 784 511 835 Tintinnabula
526 783 603 816 auri
614 789 719 867 {erant
730 794 837 825 super
850 784 998 815 fimbriis
1011 783 1108 824 pallii
1121 782 1302 814 Aharonis
1315 782 1544 814 circumcirca
1555 781 1680 821 (Exod.

360 839 482 861 xxviii.
499 837 552 868 34,
569 837 611 868 35
628 853 636 860 .

198 912 204 918 ’
242 911 328 968 [b0]
370 912 512 966 Apud
535 911 706 960 Μοςεη,

254 992 277 1005 “
289 990 365 1022 Erit
382 990 462 1022 Dan
483 987 664 1032 [serpens]
683 998 791 1029 super
807 989 876 1026 via,
896 989 994 1029 aspis
1018 998 1126 1029 super
1142 989 1281 1026 semita,
1302 988 1471 1020 mordens
1494 987 1683 1019 calcaneos

360 1035 453 1075 equi,
473 1040 508 1065 et
532 1033 634 1065 cadet
650 1042 759 1074 eques
776 1032 854 1073 ejus
879 1039 1095 1064 retrorsum:
1128 1032 1279 1064 salutem
1304 1038 1401 1063 tuam
1426 1030 1607 1072 exspecto,
1626 1030 1684 1074 Je-

361 1077 510 1110 hovah'’
528 1077 626 1118 (Gen.
640 1077 726 1109 xlix.
746 1084 796 1115 17,
816 1076 888 1115 18):

187 1172 256 1208 est
287 1166 601 1220 propheticum
634 1163 812 1206 Israelis
843 1164 982 1218 patris
1013 1164 1070 1205 de
1101 1164 1219 1205 tribu
1250 1163 1405 1213 Danis,
1439 1177 1518 1218 per
1548 1177 1682 1218 quam

186 1229 351 1270 tribum
377 1227 687 1282 significantur
711 1227 870 1268 ultima
896 1227 1128 1276 ecclesiae,
1155 1228 1219 1268 ita
1244 1227 1307 1268 illi
1338 1228 1411 1281 qui
1444 1228 1487 1268 in
1514 1227 1682 1268 ultimis

186 1293 339 1333 veriet
354 1292 458 1332 boni
470 1298 588 1339 sunt,
602 1292 674 1345 qui
690 1291 898 1331 dicuntur
908 1289 1137 1331 sensuales
1153 1304 1162 1341 ;
1186 1297 1289 1331 sunt
1301 1291 1477 1331 enimin
1493 1290 1685 1331 ecclesia

187 1357 261 1410 qui
300 1362 404 1396 sunt
441 1354 709 1409 spirituales,
748 1361 794 1395 et
831 1354 903 1407 qui
940 1353 1183 1403 naturales,
1215 1367 1268 1395 ac
1309 1353 1540 1395 naturales
1577 1359 1683 1394 sunt

187 1420 437 1467 interiores,
465 1419 598 1459 medii
630 1425 676 1459 et
708 1417 880 1467 ultimi;
914 1417 1058 1457 ultimi
1089 1423 1193 1458 sunt
1226 1417 1483 1468 sensuales;
1517 1418 1561 1458 hi
1593 1430 1684 1458 non

187 1482 304 1523 ultra
321 1495 501 1523 sensum
526 1481 705 1522 litterae
728 1480 868 1521 Verbi
886 1480 1034 1534 quoad
1051 1481 1379 1533 cogitationem
1402 1494 1450 1521 se
1473 1480 1682 1521 elevant:

187 1546 232 1587 hi
250 1559 328 1599 per
347 1549 372 1565 ‘⁴
387 1544 595 1586 Danem''
621 1543 962 1597 intelliguntur;
995 1542 1150 1597 quales
1173 1550 1292 1592 sunt,
1316 1544 1584 1584 describitur
1606 1557 1685 1598 per

187 1610 232 1651 id
263 1609 590 1664 propheticum,
619 1607 739 1661 quod
771 1620 933 1660 nempe
962 1607 1106 1647 “Dan
1137 1607 1194 1647 sit
1226 1620 1410 1660 serpens
1441 1621 1574 1660 super
1598 1608 1684 1656 via,

187 1674 307 1727 aspis
333 1686 465 1726 super
487 1672 662 1719 semita,
687 1670 898 1711 mordens
922 1669 1161 1710 calcaneos
1183 1670 1298 1723 equi,
1321 1676 1367 1710 et
1391 1669 1525 1710 cadet
1548 1683 1685 1723 eques

188 1736 282 1789 ejus
313 1742 558 1777 retrorsum
575 1734 608 1785 ;”
640 1747 719 1787 per
743 1737 1048 1786 ·“serpentem
1081 1746 1213 1786 super
1239 1733 1311 1772 via
1323 1732 1341 1747 ”
1367 1739 1414 1773 et
1442 1733 1684 1786 “aspidem

188 1813 319 1853 super
345 1797 537 1839 semita”
563 1795 839 1850 significatur
865 1795 1071 1836 sensuale
1097 1795 1247 1848 quoad
1273 1808 1428 1836 verum
1455 1802 1502 1836 et
1533 1795 1684 1848 quoad

187 1862 374 1912 bonum;
397 1875 475 1914 per
491 1864 515 1880 ‘⁴
529 1860 767 1900 calcaneos
785 1859 886 1912 equi
898 1858 916 1872 ‘’
931 1857 1240 1911 significantur
1254 1858 1412 1899 ultima
1427 1857 1685 1900 intelleGms

187 1925 280 1966 veri
306 1931 352 1965 et
375 1924 494 1972 boni,
519 1930 564 1964 et
588 1936 666 1976 per
688 1921 956 1976 “equitem''
979 1922 1264 1962 ratiocinatio
1286 1935 1345 1962 ex
1368 1921 1482 1972 illis;
1514 1929 1560 1963 et
1583 1922 1686 1976 quia

188 1987 395 2028 sensuale
435 1988 479 2027 in
519 2000 567 2027 se
607 1983 863 2039 spectatum
906 1997 996 2025 non
1034 1984 1303 2025 videt·vera
1340 1986 1554 2038 quoniam
1595 1999 1686 2026 non

190 2049 312 2102 capit
344 2048 604 2102 spiritualia,
632 2055 678 2089 et
709 2048 814 2088 inde
846 2048 974 2088 facile
1006 2048 1050 2087 in
1081 2047 1192 2088 salsa
1223 2047 1388 2088 labitur
1420 2049 1502 2089 nisi
1533 2062 1559 2089 a
1591 2048 1686 2090 Do-

189 2113 314 2152 mino
343 2111 510 2164 jugiter
546 2112 604 2152 ab
640 2111 726 2152 illis
763 2112 1034 2158 detineatur,
1073 2111 1175 2152 ideo
1212 2111 1387 2159 dicitur,
1429 2115 1511 2152 “et
1550 2111 1684 2153 cadet

189 2188 327 2228 eques
367 2174 459 2227 ejus
495 2181 754 2222 retrorsum,
789 2173 983 2214 salutern
1021 2180 1146 2214 tuam
1182 2173 1418 2228 exspecto,
1446 2174 1688 2228 Jehovah.‘’

190 2237 304 2275 (Quod
324 2246 382 2275 per
403 2241 421 2251 “
433 2237 587 2266 Danem¹¹
610 2237 827 2275 significentur
848 2237 960 2265 ultima
981 2237 1142 2271 ecclesiae,
1157 2237 1303 2266 videatur
1316 2247 1347 2267 n.
1366 2247 1454 2274 1710,
1467 2239 1556 2275 6396,
1571 2244 1686 2275 10:335:

124 2306 132 2314 .
188 2285 278 2322 quod
291 2294 350 2322 per
360 2288 377 2299 ¹¹
387 2290 567 2323 serpentem
579 2284 596 2294 '¹
609 2284 804 2322 significetur
817 2284 974 2317 sensuale,
987 2285 1075 2321 quod
1089 2284 1237 2314 ultimum
1252 2285 1441 2319 intellectus,
1454 2295 1484 2315 n.
1497 2286 1587 2323 6398,
1598 2286 1688 2323 6949,

189 2335 271 2372 8624
284 2335 350 2370 fin.,
365 2343 473 2372 10313,
486 2339 518 2363 et
531 2343 637 2372 supra,
653 2343 684 2364 n.
700 2334 774 2376 70;
795 2335 885 2372 quod
899 2343 957 2371 per
971 2330 988 2341 ‘¹
1000 2334 1083 2362 viam
1095 2334 1112 2343 '⁰
1125 2335 1322 2372 significetur
1332 2345 1454 2370 verum,
1467 2344 1499 2365 n.
1514 2336 1584 2371 627,
1598 2343 1688 2372 2333,

191 2396 299 2425 10422,
320 2392 351 2417 et
369 2397 474 2425 supra,
494 2397 526 2418 n.
546 2387 620 2430 97:
650 2392 682 2416 et
700 2388 790 2425 quod
808 2396 866 2425 per
885 2384 902 2394 ¹¹
918 2387 1132 2416 calcaneum'·
1152 2388 1348 2426 significetur
1366 2389 1513 2417 ultimum
1533 2388 1688 2422 naturale,

188 2445 246 2466 seu
256 2437 399 2466 naturale
410 2445 610 2474 corporeum,
621 2445 651 2466 n.
663 2443 732 2474 259,
743 2438 833 2473 4938,
844 2444 908 2472 seq.
920 2445 927 2470 ς
950 2436 1029 2472 quid
1039 2436 1195 2471 sensuale,
1206 2442 1237 2465 et
1248 2438 1359 2474 quales
1370 2437 1533 2466 sensuales
1543 2437 1690 2466 homines

189 2486 240 2569 inb
236 2491 373 2523 utroque
387 2495 493 2521 sensu,
505 2487 651 2515 videatur
664 2486 697 2515 in
713 2486 871 2515 Doarina
885 2486 995 2514 Novae
1008 2485 1252 2524 Hierosolymae,
1266 2496 1297 2516 n.
1313 2488 1378 2526 50.)
1435 2476 1576 2530 Apud
1600 2475 1686 2517 Sa-

187 2542 211 2569 c
244 2543 410 2578 artam,

258 2616 425 2649 “Sustuli
442 2617 564 2649 oculos
581 2627 682 2649 meos
695 2623 731 2649 et
748 2617 832 2653 vidi,
849 2626 928 2647 cum
942 2625 1023 2647 ecce
1039 2622 1191 2658 quatuor
1203 2627 1325 2649 currus
1342 2625 1514 2650 exeuntes
1531 2619 1576 2649 ab
1593 2618 1686 2649 inter
1747 2653 1753 2658 ,

363 2661 455 2693 duos
473 2668 625 2698 montes,
645 2667 681 2692 et
704 2666 846 2692 montes
871 2665 973 2691 erant
995 2667 1137 2692 montes
1160 2661 1273 2693 aeris:
1299 2662 1344 2693 ad
1368 2672 1507 2693 currum
1533 2662 1687 2702 primum

364 2705 445 2746 equi
462 2704 538 2742 rufi,
558 2705 603 2736 ad
619 2714 760 2736 currum
778 2703 973 2735 secundum
990 2704 1071 2744 equi
1089 2704 1193 2744 nigri,
1214 2705 1259 2736 ad
1283 2715 1424 2736 currum
1446 2706 1588 2737 tertium
1606 2705 1688 2745 equi

364 2748 447 2785 albi,
463 2755 498 2779 et
514 2748 559 2779 ad
575 2758 715 2779 currum
730 2754 893 2788 quartum
908 2747 988 2787 equi
1003 2748 1219 2787 grandinati,
1239 2749 1387 2780 robusti.
1427 2773 1435 2781 .
1450 2773 1458 2781 .
1471 2773 1480 2781 .
1494 2773 1502 2780 .
1512 2749 1609 2780 Dixit
1625 2758 1689 2779 an-

363 2791 478 2832 gelus,
495 2791 544 2823 Hi
557 2798 709 2832 quatuor
720 2791 818 2822 venti
828 2790 1006 2821 caelorum
1017 2797 1189 2823 exeuntes
1202 2802 1223 2822 a
1232 2792 1361 2823 stando
1373 2792 1474 2832 juxta
1489 2792 1684 2823 Dominum

364 2836 472 2867 totius
490 2841 624 2867 terrae:
650 2835 686 2866 in
704 2844 773 2875 quo
793 2834 874 2874 equi
891 2834 994 2874 nigri,
1013 2841 1184 2866 exeuntes
1209 2836 1244 2866 in
1262 2841 1392 2867 terram
1410 2836 1665 2876 septentrionis
1680 2845 1687 2873 ;

364 2884 400 2910 et
409 2878 480 2911 albi
492 2878 678 2909 exiverunt
690 2883 771 2918 post
781 2887 855 2914 eOS‚
867 2883 902 2908 et
914 2878 1117 2918 grandinati
1132 2879 1318 2910 exiverunt
1331 2880 1366 2910 in
1379 2886 1510 2910 terram
1522 2879 1688 2916 austri,et

363 2922 500 2953 robusti
514 2923 700 2953 exiverunt
717 2927 751 2952 et
767 2921 1020 2961 quaesiverunt
1035 2922 1085 2953 ire
1101 2922 1147 2953 ad
1164 2923 1425 2962 peragrandum
1443 2930 1573 2954 terram
1588 2934 1613 2954 τ.
1627 2947 1635 2954 .
1649 2947 1657 2954 .
1671 2947 1679 2954 .

363 2970 400 2997 et
415 2965 513 3003 dixit,
534 2965 624 2996 Vide
641 2971 812 2996 exeuntes
829 2964 874 2995 ad
890 2970 1020 2996 terram
1038 2966 1305 3005 septentrionis,
1325 2967 1508 3006 quiescere
1525 2966 1687 2997 fecerunt

364 3009 527 3049 spiritum
544 3018 663 3040 meum
681 3008 716 3038 in
734 3014 829 3039 terra
845 3009 1098 3048 septentrionis
1111 3020 1136 3041 :.
1150 3033 1158 3041 .
1172 3034 1180 3041 .
1195 3015 1246 3041 ‚et
1269 3009 1455 3050 longinqui
1472 3010 1630 3047 venient,
1650 3015 1688 3041 et

367 3051 603 3084 aedificabunt
620 3052 656 3083 in
674 3050 809 3091 templo
823 3050 984 3093 jehovae
994 3051 1013 3064 ’²
1029 3051 1090 3093 (vi.
1108 3053 1182 3091 1-8,
1205 3053 1278 3092 15):
