2008 3360
632 348 739 382 CAP.
762 348 842 389 vr,
865 348 1003 381 VERs.
1027 348 1174 381 2.--N.
1199 338 1292 392 356.
1373 319 1380 325 ⁶
1623 339 1706 393 685

292 461 429 516 356·
469 461 549 501 “ft
567 462 718 502 sedens
740 474 867 513 supet·
887 461 955 501 illo
982 460 1136 501 habens
1163 459 1542 513 arcum.'¹—Quod
1566 460 1708 514 signi-

211 521 319 564 ficet
355 522 457 563 inde
490 523 738 569 dot'trinam
772 522 1010 563 charitatis
1046 528 1088 562 et
1110 521 1239 576 fidei,
1271 535 1327 562 ex
1361 535 1450 575 qua
1478 528 1713 575 pugnatur

211 592 364 626 contra
384 585 504 626 mala
528 592 570 626 et
581 585 730 637 falsa,
754 600 805 626 ac
824 585 1108 638 a'isszPantur
1129 584 1223 634 illa,
1248 591 1434 626 constat
1457 598 1516 625 ex
1539 584 1708 638 signifi-

212 646 396 687 catione
423 646 668 687 “sedentis
698 660 833 699 super
862 660 981 700 equo
1010 645 1159 694 albo,''
1183 645 1305 700 quod
1337 646 1396 686 sit
1422 645 1629 686 Verbum
1655 656 1711 695 (de

210 726 277 755 qua
294 712 526 757 mox'supra);
567 713 613 747 et
645 720 705 747 ex
734 706 1071 759 significatione
1105 705 1316 754 “arcus,’'
1346 706 1468 760 quod
1506 706 1566 747 sit
1597 706 1708 747 doc-

211 769 331 810 trina
361 768 600 809 charitatis
631 775 678 809 et
711 767 827 816 fidei,
856 783 915 809 ex
947 782 1036 822 qua
1066 774 1294 822 pugnatur
1320 774 1480 809 contra
1512 767 1631 808 mala
1661 774 1710 809 et

210 830 337 880 falsa,
368 845 420 873 ac
453 832 729 885 dissipantur
759 831 848 872 illa.
911 830 1046 885 Quod
1078 845 1157 885 per
1184 831 1406 872 “arcum'’
1433 830 1711 884 significetur

211 892 416 935 doarina
441 894 532 944 illa,
557 895 782 935 videbitur
803 896 847 935 in
873 895 1193 949 sequentibus;
1224 893 1296 935 hic
1320 895 1513 948 primum
1535 894 1710 935 dicetur

210 955 378 1012 aliquid
403 957 460 999 de
487 956 705 999 Do&rina
721 971 793 998 :—

542 1062 599 1107 (i.)
637 1063 750 1144 ριῖοαζ
770 1074 875 1097 nemo
896 1064 1021 1108 possit
1044 1062 1258 1109 tutelligrere
1284 1063 1444 1097 Verbum
1470 1062 1604 1108 absque
1627 1063 1710 1098 doc-

700 1121 805 1144 rma.

529 1175 601 1222 (ii.)
639 1176 752 1222 Quod
764 1188 869 1210 nemo
879 1178 1004 1222 possit
1015 1179 1198 1223 pugnare
1213 1180 1345 1211 contra
1363 1177 1467 1210 mala
1484 1179 1521 1210 et
1532 1176 1658 1223 salsa,
1675 1179 1712 1211 et

683 1224 874 1269 disszpare
890 1224 971 1263 illa,
990 1224 1125 1269 absque
1140 1224 1313 1258 doHrt'na
1330 1235 1379 1258 ex
1402 1224 1436 1258 V
1434 1224 1528 1258 erbe.

515 1289 602 1336 (iii.)
639 1290 752 1335 Quod
772 1301 877 1324 nemo
894 1292 1017 1335 possit
1040 1291 1176 1335 absque
1193 1290 1365 1324 dottrina
1390 1302 1438 1324 ex
1460 1290 1575 1324 Verbo
1600 1291 1709 1324 intra

680 1338 881 1377 ecclesiam,
900 1337 967 1371 ubi
986 1337 1146 1371 Verbum
1163 1341 1227 1377 est,
1234 1337 1336 1382 fieri
1347 1337 1582 1382 spiritualis.

514 1402 598 1449 (iv.)
636 1404 750 1449 Quod
763 1403 935 1437 domina
953 1414 1028 1437 non
1044 1405 1169 1448 possit
1184 1403 1341 1438 aliunde
1356 1405 1582 1448 comparari
1594 1414 1708 1448 quam

681 1462 730 1485 ex
749 1451 873 1490 Verbo,
888 1454 923 1484 et
936 1462 1009 1484 non
1022 1451 1069 1485 ab
1082 1451 1175 1485 aliis
1186 1462 1301 1495 quam
1314 1452 1387 1496 qui
1397 1452 1440 1484 in
1454 1451 1711 1485 illustratione

682 1502 772 1532 sunt
788 1510 812 1532 a
830 1498 1007 1532 Domino.

530 1562 599 1610 (V.)
637 1564 750 1609 Quod
758 1565 886 1598 omnia
901 1564 1094 1598 dommac
1105 1563 1368 1609 confirmanda
1385 1565 1466 1598 sint
1473 1566 1551 1609 per
1561 1575 1708 1599 sensum

682 1611 837 1645 litterae
861 1611 983 1646 Verbi.

297 1725 432 1781 Quod
457 1728 658 1781 primum
689 1729 872 1777 attinet,
901 1742 1079 1782 nempe,
1110 1728 1239 1778 Quod
1263 1742 1384 1769 nemo
1402 1728 1556 1781 possit
1580 1728 1707 1769 intel-

210 1790 347 1844 ligere
373 1790 563 1832 Verbum
584 1792 750 1845 absque
767 1792 984 1839 dot'lrina,
1005 1798 1217 1833 constare
1239 1799 1394 1846 potest
1417 1806 1475 1833 ex
1498 1806 1567 1841 eo,
1587 1791 1708 1846 quod

211 1867 371 1895 sensus
403 1854 585 1896 litterae
611 1855 705 1908 ejus
731 1857 789 1896 sit
817 1870 875 1896 ex
902 1856 1036 1895 meris
1062 1855 1490 1909 correspondentiis,
1518 1869 1632 1909 quae
1662 1856 1708 1896 in

211 1930 261 1958 se
287 1919 527 1959 continent
550 1919 811 1973 spiritualia,
837 1920 900 1959 ita
926 1933 984 1959 ex
1012 1918 1178 1959 talibus
1200 1933 1314 1972 quae
1337 1925 1441 1960 sunt
1468 1919 1512 1959 in
1539 1919 1708 1960 mundo

211 1986 258 2021 et
276 1979 369 2032 ejus
384 1987 558 2022 natura.
620 1982 733 2022 Inde
751 1988 822 2022 est
837 1982 957 2035 quod
976 1995 1133 2022 sensus
1152 1981 1332 2022 litterae
1350 1983 1408 2022 sit
1427 1982 1643 2022 naturalis
1660 1988 1708 2023 et

210 2055 302 2083 non
338 2043 594 2096 spiritualis,
630 2045 1007 2086 accommodatus
1043 2050 1198 2085 tamen
1231 2046 1383 2099 captui
1420 2044 1705 2098 simplicium,

209 2106 284 2159 qui
319 2106 444 2147 ideas
482 2121 585 2147 suas
624 2121 714 2148 non
753 2122 888 2161 supra
920 2107 1029 2148 talia
1060 2121 1174 2161 quae
1205 2108 1362 2149 vident
1394 2115 1501 2149 ante
1534 2107 1705 2155 oculos,

209 2168 406 2211 elevant.
483 2170 595 2212 Inde
627 2177 696 2212 est
728 2171 849 2224 quod
890 2170 1000 2211 talia
1032 2171 1170 2211 etiam
1202 2172 1438 2212 contineat
1470 2185 1583 2224 quae
1616 2184 1707 2211 non

209 2239 431 2286 apparent
454 2234 715 2287 spiritualia,
741 2234 926 2275 tametsi
940 2239 1099 2274 -totum
1123 2233 1325 2275 Verbum
1349 2235 1470 2275 intus
1492 2235 1536 2274 in
1563 2248 1611 2275 se
1637 2240 1707 2275 est

210 2309 318 2348 pure
335 2297 581 2350 spirituale,
598 2299 699 2351 quia
717 2305 786 2339 est
807 2298 1019 2337 Divinum
1037 2311 1046 2347 ;
1073 2305 1348 2351 quapropter
1366 2298 1492 2351 plura
1510 2298 1553 2338 in
1573 2311 1707 2338 sensu

213 2357 394 2399 litterae
415 2366 519 2401 sunt
538 2374 652 2414 quae
676 2374 766 2401 non
789 2360 1001 2400 inservire
1023 2367 1214 2412 possunt
1238 2374 1319 2413 pro
1335 2361 1484 2414 aliqua
1502 2358 1708 2400 doctrina

209 2421 434 2463 ecclesiae
465 2422 615 2470 hodie,
646 2430 692 2464 et
725 2423 851 2476 plura
883 2436 997 2475 quae
1028 2422 1243 2476 applicari
1275 2430 1464 2477 possunt
1496 2423 1628 2463 variis
1660 2429 1707 2464 et

209 2483 398 2525 diversis
429 2487 670 2539 principiis,
699 2486 817 2526 unde
850 2485 1087 2535 haereses;
1125 2487 1204 2526 sed
1237 2500 1377 2540 usque
1409 2486 1535 2539 plura
1566 2486 1706 2526 inter-

210 2547 358 2588 mixta
388 2555 494 2589 sunt
531 2563 591 2589 ex
627 2549 786 2602 quibus
819 2547 972 2600 colligi
1009 2554 1055 2589 et
1086 2548 1265 2589 formari
1299 2555 1454 2602 potest
1486 2546 1704 2597 doc'trina,

208 2609 425 2663 imprimis
443 2609 649 2652 do&rina
667 2612 802 2659 vitae,
823 2624 937 2664 quae
960 2617 1030 2651 est
1050 2609 1255 2652 doetrina
1273 2611 1510 2652 charitatis
1533 2618 1578 2651 et
1602 2611 1706 2651 inde

210 2670 326 2713 fidei.
387 2673 456 2714 At
479 2675 552 2728 qui
579 2674 691 2727 legit
716 2674 917 2714 Verbum
940 2687 999 2714 ex
1022 2672 1242 2722 doctrina,
1266 2675 1302 2715 is
1324 2674 1448 2715 videt
1474 2674 1532 2714 ibi
1555 2674 1707 2714 omnia

210 2749 324 2790 quae
348 2736 634 2786 confirmant,
659 2743 706 2778 et
728 2750 904 2790 quoque
931 2735 1058 2789 plura
1080 2751 1194 2790 quae
1218 2737 1366 2778 latent
1390 2750 1542 2777 coram
1565 2736 1706 2776 oculis

209 2799 424 2851 aliorum;
458 2813 539 2841 n'ec
570 2801 739 2853 patitur
765 2813 812 2840 se
838 2798 1042 2840 abstrahi
1067 2800 1111 2840 in
1138 2799 1285 2840 aliena
1304 2800 1368 2840 vab
1393 2799 1480 2839 illis
1508 2799 1567 2839 ibi
1592 2813 1706 2852 quae

209 2874 300 2902 non
321 2869 543 2916 apparent
567 2862 859 2909 concordare,
884 2868 930 2902 et
954 2875 1068 2915 quae
1092 2876 1182 2903 non
1209 2862 1439 2915 intelligit,
1465 2875 1568 2902 nam
1595 2862 1635 2901 ei
1660 2862 1704 2901 in

208 2923 331 2964 claro
354 2932 459 2966 sunt
482 2926 634 2966 omnia
652 2923 883 2965 doetrinae
901 2938 1015 2978 quae
1037 2925 1096 2965 ibi
1118 2925 1256 2973 videt,
1277 2932 1324 2966 et
1346 2925 1516 2978 reliqua
1538 2925 1577 2966 ei
1599 2930 1705 2965 sunt

207 2986 252 3026 in
270 2987 486 3028 obscuro:
515 2994 789 3041 quapropter
804 2994 873 3028 est
889 2985 1109 3037 doetrina,
1125 3002 1239 3041 quae
1254 2988 1462 3028 consistit
1481 3002 1539 3028 ex
1558 3001 1704 3040 genu-
