2008 3360
228 312 311 365 728
641 322 975 356 APOCALYPSIS
1007 323 1306 357 EXPLICATA.

228 434 348 489 apud
373 434 657 486 Ezechielem,

302 505 504 548 Prophetae
525 508 731 539 “seducunt
751 508 923 549 populum
943 517 1074 546 meum,
1095 508 1249 540 dicendo
1270 508 1356 547 Pax,
1377 518 1457 541 cum
1477 519 1550 540 non
1570 518 1659 550 pax:
1684 515 1719 542 et

401 551 545 592 quando
564 551 622 583 hic
638 551 803 584 aedificat
819 552 1023 590 maceriem,
1043 551 1095 583 illi
1115 561 1197 584 ecce
1217 552 1458 585 incrustantes
1475 562 1555 585 eam
1573 553 1716 593 inepto:

189 617 209 628 -
404 595 683 679 1o..g3·ophetae
696 594 840 627 Israelis
849 620 857 628 .
871 620 878 627 .
893 594 1033 627 ‚vident
1042 595 1221 649 visionem
1232 596 1331 638 pacis
1342 605 1422 628 cum
1434 606 1508 628 non
1520 606 1591 638 pax
1601 596 1619 608 ’'
1628 595 1716 637 (xiii.

446 663 454 677 ,
473 646 488 669 1
539 649 545 671 :

226 713 346 768 apud
372 713 635 764 Jeremiam,

295 785 361 817 “A
377 785 529 818 minimo
548 786 594 818 ad
613 786 807 817 maximum
829 795 956 818 omnes
976 786 1122 818 student
1140 795 1279 824 usurae,
1302 797 1324 818 a
1346 787 1521 828 propheta
1539 796 1652 828 usque
1672 786 1718 818 ad

400 829 624 861 sacerdotem
639 829 754 870 quivis
767 829 852 861 facit
868 829 1105 868 mendacium,
1122 835 1158 862 et
1174 836 1305 862 sanant
1318 828 1603 862 confrafflonem
1622 830 1716 862 filiae

400 872 522 913 populi
542 873 613 904 mei
632 882 696 913 per
715 873 848 905 nullius
869 873 1039 913 ponderis
1059 871 1219 912 verbum',
1238 874 1403 912 dicendo.
1428 874 1514 912 Pax,
1534 883 1616 915 pax,
1636 883 1716 906 cum

401 925 474 948 non
491 917 538 949 sit
554 926 625 958 pax
635 916 653 928 '¹
670 916 759 958 (viii.
778 925 828 955 10,
848 916 921 957 11):

224 993 345 1047 apud
370 994 579 1043 eundem,

293 1059 406 1092 “Vox
429 1059 596 1092 clamoris
622 1066 816 1102 paetorum‚
839 1066 875 1093 et
898 1060 1054 1101 ejulatus
1082 1061 1283 1102 potentium
1308 1062 1439 1102 gregis.
1462 1062 1546 1103 quia
1569 1068 1716 1094 vastans

399 1103 561 1145 Jehovah
589 1114 761 1144 pascuum
791 1102 961 1143 [¹]eorum,
990 1104 1086 1136 unde
1113 1105 1322 1137 devastatae
1351 1111 1435 1138 sunt
1461 1106 1585 1138 caulae
1618 1106 1716 1147 pacis

399 1153 545 1188 propter
560 1148 727 1179 ardorem
746 1148 819 1180 irae
835 1147 994 1190 Jehovae
1005 1147 1024 1160 ''
1041 1147 1136 1189 (xxv.
1153 1149 1206 1188 36,
1224 1150 1297 1189 37):

223 1223 343 1278 apud
368 1223 602 1274 Davidem,

293 1296 315 1310 ‘¹
328 1294 409 1327 Non
427 1295 615 1335 integritas
633 1295 669 1326 in
686 1304 792 1326 carne
810 1304 892 1327 mea
908 1300 1054 1336 propter
1067 1295 1355 1336 indignationem
1373 1301 1483 1333 tuam,
1501 1305 1575 1327 non
1617 1305 1663 1326 ax
1680 1295 1715 1327 in

398 1338 540 1370 ossibus
551 1338 641 1370 meis
654 1344 800 1379 propter
810 1344 995 1379 peccatum
1007 1348 1125 1371 meum
1137 1338 1155 1351 ”
1167 1338 1240 1380 (Ps.
1255 1338 1402 1371 xxxviii.
1416 1348 1437 1378 4
1453 1337 1562 1381 [BA.
1575 1347 1592 1379 3
1613 1338 1625 1379 )
1638 1350 1644 1371 z

222 1414 268 1455 in
302 1413 343 1454 Τ
338 1413 506 1463 hrenis,

292 1485 476 1518 “Satiavit
499 1495 556 1517 me
581 1485 888 1523 amaritudinibus,
915 1485 1106 1518 inebriavit
1133 1494 1190 1517 me
1219 1485 1401 1517 absinthio
1416 1494 1482 1522 ς...
1498 1491 1549 1518 .et
1576 1491 1718 1518 remota

398 1534 452 1560 est
469 1538 490 1560 a
506 1538 593 1570 pace
611 1529 733 1560 anima
749 1539 840 1567 mea,
860 1529 992 1561 oblitus
1009 1538 1088 1561 sum
1105 1528 1191 1561 boni
1202 1528 1220 1540 '¹
1237 1527 1299 1568 (iii.
1319 1536 1369 1568 15,
1388 1528 1460 1569 17):

155 1607 164 1616 ⁸
222 1623 403 1670 praeter
428 1616 546 1658 alibi.
609 1615 834 1670 Quoniam
867 1630 959 1671 pax
990 1617 1035 1658 in
1067 1630 1147 1658 sua
1177 1617 1320 1670 prima
1349 1617 1521 1669 origine
1552 1622 1623 1658 est
1655 1630 1715 1658 ex

222 1681 386 1721 unione
410 1680 554 1734 Ipsius
577 1679 726 1720 Divini
750 1693 802 1721 ac
827 1679 977 1721 Divini
1005 1679 1203 1721 Humani
1228 1680 1274 1720 in
1301 1679 1513 1729 Domino,
1538 1686 1584 1721 et
1610 1680 1716 1721 inde

221 1758 249 1785 a
271 1743 469 1784 Domino
491 1744 535 1783 in
553 1741 868 1795 conjunffione
890 1743 1035 1797 Ipsius
1053 1755 1153 1784 cum
1172 1741 1300 1784 caelo
1322 1748 1368 1783 et
1387 1755 1489 1783 cum
1506 1741 1713 1790 ecclesia,

221 1813 269 1848 et
291 1806 411 1860 apud
434 1819 794 1860 unumquemque
811 1806 870 1847 ibi
892 1807 937 1847 in
954 1803 1272 1859 conjunfflone
1294 1805 1401 1846 boni
1423 1811 1469 1846 et
1486 1806 1593 1854 veri,
1613 1805 1716 1846 ideo

222 1869 481 1918 Sabbatum,
505 1869 625 1922 quod
651 1869 732 1910 fuit
759 1867 1092 1910 sanctissimum
1118 1867 1337 1909 ecclesiae
1362 1868 1714 1921 repraesentati-

220 1945 341 1981 vum,
369 1927 538 1973 dic'tum
564 1938 634 1972 est
660 1945 686 1972 a
711 1933 863 1986 quiete
889 1945 968 1973 seu
993 1944 1104 1985 pace
1125 1945 1135 1982 ;
1176 1936 1223 1972 et
1249 1930 1351 1971 ideo
1374 1943 1551 1984 quoque
1577 1931 1714 1971 sacri-

221 1995 335 2045 ficia,
362 2009 477 2050 quae
503 1993 624 2037 dicta
648 1995 824 2037 fuerunt
853 1993 1103 2049 “paczfica,”
1129 1993 1347 2035 mandata
1372 1999 1477 2034 sunt

294 2087 363 2130 (De
380 2089 508 2131 quibus
524 2088 688 2120 videatur
702 2089 814 2121 Exod.
831 2088 926 2121 xxiv.
945 2095 961 2128 5
976 2098 984 2127 ;
1015 2097 1091 2128 cap.
1107 2087 1217 2120 xxxii.
1233 2087 1273 2119 6:
1305 2086 1416 2119 Levit.
1434 2086 1482 2119 iii.
1499 2095 1518 2126 3
1533 2096 1540 2124 ;
1572 2095 1648 2127 cap.
1665 2086 1713 2120 iv.

397 2141 448 2171 20,
469 2133 522 2170 26,
543 2140 594 2171 31,
616 2139 676 2171 35;
701 2142 778 2172 cap.
795 2133 842 2165 vi.
861 2139 876 2171 5
894 2130 954 2174 [B.
970 2132 1017 2164 A.
1034 2129 1088 2173 12]
1105 2140 1112 2170 ;
1145 2140 1223 2171 cap.
1239 2130 1299 2163 vii.
1319 2139 1379 2169 11;
1403 2140 1480 2170 cap.
1500 2131 1572 2163 xiv.
1589 2138 1641 2166 20.
1659 2138 1712 2168 21,

396 2184 461 2215 33;
485 2186 563 2216 cap.
582 2176 667 2208 xvii.
689 2183 727 2215 5:
752 2185 829 2217 cap.
849 2176 921 2208 xix.
943 2183 982 2215 5:
1008 2175 1119 2207 Num.
1140 2174 1184 2207 vi.
1207 2181 1266 2213 17:
1291 2174 1413 2213 Ezecst.
1432 2174 1504 2207 XIV.
1526 2182 1585 2214 15:
1609 2174 1716 2206 Amos

395 2230 429 2252 v.
446 2228 507 2252 22:
533 2226 569 2252 et
585 2219 704 2259 alibi):

221 2304 268 2340 et
294 2297 398 2338 ideo
424 2297 480 2338 de
504 2296 712 2350 Jehovah
738 2297 902 2338 dicitur
926 2295 1047 2350 quod

295 2373 350 2405 Ex
366 2372 585 2404 holocaustis
605 2372 776 2404 odoratus
795 2372 842 2404 sit
861 2373 884 2387 ‘⁸
897 2371 1048 2403 odorem
1068 2370 1199 2412 quietis
1210 2369 1229 2383 '’
1248 2369 1373 2411 (Exod.
1393 2372 1489 2403 xxix.
1511 2370 1562 2408 18,
1583 2377 1635 2409 25,
1650 2378 1713 2409 41:

394 2416 504 2448 Levit.
521 2416 543 2448 i.
560 2425 591 2456 9,
611 2424 660 2454 13,
680 2423 739 2454 17;
771 2425 847 2456 cap.
865 2415 901 2448 ii.
919 2423 948 2453 2,
965 2424 1008 2456 9;
1041 2424 1118 2455 cap.
1137 2415 1184 2447 vi.
1202 2414 1232 2452 8,
1252 2423 1292 2453 14
1313 2412 1373 2456 [B.
1388 2415 1435 2446 A.
1454 2421 1506 2453 15,
1522 2411 1580 2457 21]
1596 2423 1603 2452 ;
1635 2423 1712 2454 cap.

394 2459 630 2542 {xighgmissemg
634 2459 703 2543 61)8.:
737 2459 850 2491 Num.
863 2469 921 2491 xv.
937 2467 968 2498 3,
984 2466 1014 2497 7,
1032 2466 1070 2498 13
1084 2467 1092 2498 ;
1121 2467 1198 2499 cap.
1212 2457 1334 2490 xxviii.
1349 2458 1380 2496 6,
1396 2458 1426 2496 8,
1443 2465 1481 2497 13
1495 2466 1503 2496 ;
1527 2466 1602 2498 cap.
1616 2457 1712 2489 xxix.

219 2601 299 2643 per
326 2586 551 2628 “odorem
577 2586 740 2640 quietis
752 2585 772 2601 ”
799 2584 1081 2639 significatur
1105 2584 1339 2639 perceptio
1365 2584 1501 2638 pacis.

298 2653 440 2707 366.
477 2652 559 2693 “vt
579 2651 653 2691 alii
671 2651 773 2692 alios
795 2649 1260 2703 [²]occidant.”—Quod
1288 2649 1514 2703 significet
1532 2649 1713 2703 falsifi-

179 2713 203 2744 Ῡ
219 2715 428 2756 catz'onem
462 2727 538 2754 seu
572 2712 902 2753 exstz‘nezz‘onem
938 2712 1194 2760 veritatum,
1227 2717 1410 2752 constat
1448 2725 1508 2751 ex
1545 2709 1714 2764 signifi-

219 2778 400 2819 catione
435 2774 717 2824 “occidere,’'
748 2775 868 2829 quod
905 2776 964 2816 sit
986 2776 1297 2827 -exstinguere
1334 2787 1453 2822 vera,
1494 2787 1598 2814 nam
1635 2787 1714 2827 per

222 2838 498 2881 “occidere''
521 2840 566 2879 in
588 2838 744 2879 Verbo
771 2838 1049 2891 significatur
1074 2838 1279 2879 occidere
1305 2836 1610 2890 spiritualiter,
1635 2850 1712 2880 seu

219 2903 426 2944 occidere
447 2900 679 2956 spirituale
704 2900 899 2942 hominis
925 2907 1003 2942 aut
1030 2902 1226 2942 animam
1253 2899 1360 2952 ejus,
1385 2899 1505 2952 quod
1532 2905 1602 2940 est
1629 2913 1712 2940 ex-

220 2967 450 3020 stinguere
467 2978 598 3006 vera:
632 2964 752 3018 quod
775 2964 912 3005 etiam
931 2965 988 3005 sit
1011 2962 1259 3011 falsificare,
1279 2968 1348 3003 est
1367 2962 1469 3015 quia
1485 2975 1593 3003 vera
1611 2974 1709 3003 cum
