2008 3360
603 277 708 309 CAP.
734 278 813 319 vl„
836 279 974 316 VERS.
996 269 1144 313 6.—N.
1169 280 1220 323 37
1227 269 1392 324 5[e<vi-)]·
1661 282 1685 325 7
1693 262 1744 325 57

323 387 479 421 “Inveni
505 389 680 422 Davidem
706 401 849 423 servum
875 402 1006 431 meum,
1034 392 1114 424 oleo
1139 390 1340 425 sanc'litatis
1367 390 1501 434 [meae]
1524 393 1609 424 unxi
1634 391 1749 424 eum''

422 433 495 473 (Ps.
512 434 643 466 lxxxix.
662 443 700 466 21
722 433 782 476 [B.
795 437 841 467 A.
859 434 952 477 20]):

248 536 327 576 per
355 526 380 542 “
397 522 620 564 Davidem
636 523 655 539 ’'
686 524 745 564 ibi
776 524 1048 578 intelligitur
1079 525 1314 573 Dominus,
1349 531 1398 565 ut
1430 539 1608 578 quoque
1639 525 1747 566 alibi

249 596 408 633 (videatur
421 604 526 633 supra,
542 605 572 626 n.
590 594 708 638 205);
738 586 928 626 “oleum
951 586 1211 627 sanctitatis
1224 586 1244 601 ''
1266 600 1356 640 quo
1375 586 1586 639 Jehovah
1612 587 1747 628 unxit·

248 659 364 695 eum,
381 653 450 687 est
467 646 679 687 Divinum
696 647 872 688 Bonum
888 648 1038 689 Divini
1055 648 1251 689 Amoris.
1296 646 1431 700 Quod
1446 648 1504 689 sit
1523 647 1746 688 Dominus

247 710 321 763 qui
347 723 426 763 per
454 709 716 751 “Davidem
731 710 751 725 ''
777 711 835 751 ibi
862 711 1146 764 intelligitur,
1174 717 1305 764 patet
1336 711 1395 752 ab
1425 711 1512 752 illis
1539 725 1652 765 quae
1685 711 1745 752 ibi

247 773 526 826 praecedunt
552 779 599 814 et
626 787 740 827 quae
766 774 825 814 ibi
852 781 1112 828 sequuntur,
1141 774 1304 815 dicitur
1329 774 1464 823 enim,

317 864 338 877 ‘¹
353 862 507 894 Locutus
524 863 560 894 in
578 863 717 894 visione
734 863 779 895 de
796 862 928 895 Sane'to
945 869 1018 901 tuo,
1029 889 1036 895 .
1052 888 1058 896 .
1073 888 1080 895 .
1095 873 1243 904 .ponam
1259 863 1296 895 in
1316 863 1405 896 mari
1425 873 1571 895 manum
1590 863 1688 904 Ejus,
1709 869 1745 894 et

423 907 459 938 in
473 906 589 947 fluviis
603 907 766 938 dextram
782 907 868 947 Ejus
882 918 888 939 :
912 907 976 938 Ille
990 907 1131 938 vocabit
1145 907 1205 939 Me
1221 907 1325 938 Pater
1338 917 1439 939 meus
1444 932 1536 944 .....
1544 907 1651 938 etiam
1668 907 1744 947 Ego

425 950 706 991 Primogenitum
718 951 811 982 dabo
825 951 926 988 Eum,
938 951 1049 983 altum
1061 951 1204 991 regibus
1215 957 1330 983 terrae
1343 960 1366 987 ;.
1382 975 1389 982 .
1403 975 1410 983 .
1425 961 1573 992 ‚ponam
1585 950 1621 981 in
1633 957 1746 982 aeter-

423 1003 508 1025 num
526 1004 649 1026 semen
668 994 767 1034 Ejus,
787 1000 822 1025 et
839 995 1007 1026 thronum
1027 994 1113 1035 Ejus
1137 995 1226 1026 sicut
1242 995 1318 1026 dies
1335 994 1515 1026 caelorum
1526 994 1544 1006 ’'
1561 994 1666 1034 (vers.
1689 1002 1741 1032 20,

423 1038 531 1077 26—30
549 1036 609 1080 [B.
623 1039 669 1070 A.
689 1046 739 1078 19,
757 1045 875 1077 25-27,
893 1036 950 1079 29]
966 1048 972 1076 ;
999 1044 1138 1079 praeter
1155 1038 1287 1079 plura):

248 1120 454 1162 similiter
478 1120 584 1161 alibi
606 1121 726 1175 apud
753 1121 960 1169 eundem,

315 1196 355 1228 In
376 1196 488 1228 Zione
509 1197 742 1237 “germinare
762 1196 892 1228 faciam
912 1206 1023 1228 cornu
1044 1196 1184 1235 Davidi,
1204 1197 1393 1238 disponam
1418 1197 1600 1228 lucernam
1622 1195 1742 1229 Undio

422 1249 524 1279 meo;
548 1241 671 1272 hostes
688 1241 767 1280 ejus
785 1241 930 1272 induam
950 1241 1096 1280 pudore,
1116 1246 1151 1272 et
1175 1240 1420 1281 super-Ipsum
1446 1241 1587 1272 florebit
1611 1250 1745 1272 corona

424 1283 569 1325 Ipsius‘’
586 1284 660 1324 (Ps.
684 1285 812 1316 cxxxii.
831 1293 880 1323 17,
901 1285 964 1322 18).

249 1359 383 1426 Quod
402 1373 540 1414 etiarn
566 1372 626 1414 ibi
644 1372 865 1427 Dominus
888 1386 966 1427 per
986 1376 1010 1393 “
1024 1372 1277 1414 Davidem”
1294 1372 1591 1426 intelligatur,
1611 1380 1741 1427 patet

248 1436 304 1476 ab
330 1435 417 1476 illis
443 1450 557 1490 quae
583 1436 642 1494 ibi
664 1436 957 1489 praecedunt,
986 1436 1059 1476 ubi
1086 1436 1262 1485 dicitur,

317 1524 563 1563 “Audivimus
580 1532 624 1563 de
643 1531 695 1563 Eo
720 1532 755 1563 in
775 1531 966 1572 Ephratha‚
987 1531 1190 1563 invenimus
1216 1531 1304 1563 Eum
1323 1532 1359 1563 in
1379 1530 1615 1572 agris'silvae.
1636 1533 1744 1565 intra-

422 1575 539 1607 bimus
556 1576 592 1607 in
610 1575 810 1607 habitacula
829 1575 926 1616 Ejus,
948 1576 1212 1607 incurvabimus
1229 1585 1295 1606 nos
1310 1576 1465 1607 scabello
1483 1577 1612 1616 pedum
1632 1576 1719 1617 Ejus
1734 1588 1741 1609 ;

428 1644 435 1651 .
451 1644 458 1651 .
472 1645 479 1651 .
495 1620 713 1651 sacerdotes
730 1620 780 1650 tui
798 1619 989 1650 induentur
1004 1619 1140 1659 justitia
1156 1625 1191 1650 et
1207 1617 1322 1650 sanc‘ti
1339 1620 1389 1650 tui
1405 1619 1617 1659 jubilabunt,
1638 1630 1744 1661 prop-

422 1670 476 1694 ter
493 1663 667 1695 Davidem
686 1673 827 1694 servum
846 1669 956 1700 tuum,
977 1673 1021 1694 ne
1038 1669 1179 1694 avertas
1196 1662 1304 1694 facies
1319 1661 1428 1695 Uncti
1445 1664 1495 1694 tui
1509 1663 1527 1675 ”
1541 1664 1646 1704 (vers.
1664 1664 1739 1705 6—9‚

422 1707 513 1748 seq.)
525 1718 531 1739 :

248 1810 307 1836 ex
333 1796 492 1849 quibus
518 1802 729 1837 constare
759 1801 914 1849 potest
942 1795 1062 1848 quod
1094 1793 1314 1835 Dominus
1346 1795 1495 1849 quoad
1528 1795 1741 1836 Divinum

250 1859 511 1900 Humanum
538 1872 665 1899 suum
691 1859 751 1899 ibi
773 1858 1056 1911 intelligatur
1077 1871 1155 1912 per
1175 1861 1199 1878 “
1214 1857 1476 1907 Davidem,”
1501 1857 1742 1900 “Unctum

479 1921 486 1937 ἲ

248 1921 474 1977 Jehovae.’
547 1921 687 1976 Apud
714 1921 977 1970 Jeremiam,

317 2019 462 2059 “Super
486 2019 667 2051 montibus
696 2016 860 2050 inseetati
885 2023 968 2049 sunt
994 2027 1071 2055 nOS‚
1100 2017 1134 2048 in
1164 2017 1305 2049 deserto
1333 2018 1491 2050 insidiati
1515 2024 1599 2050 sunt
1623 2019 1739 2057 nobis,

422 2063 566 2103 spiritus
591 2063 730 2094 narium
752 2069 967 2099 nostrarum,
989 2059 1128 2092 Uncstus
1147 2060 1316 2102 Jehovae,
1340 2068 1463 2102 captus
1488 2068 1543 2094 est
1566 2063 1603 2093 in
1627 2062 1742 2094 foveis

421 2116 556 2145 eorum,
573 2107 616 2138 de
630 2116 700 2148 quo
714 2106 927 2143 dixeramus,
946 2105 986 2136 In
1005 2105 1131 2136 umbra
1149 2104 1246 2136 Illius
1260 2105 1461 2137 viveremus
1478 2106 1571 2137 inter
1587 2111 1713 2146 gentes
1724 2105 1742 2117 ’'

422 2149 566 2191 (Tkren.
584 2150 629 2182 iv.
649 2159 699 2191 19,
715 2149 770 2190 20)
784 2161 790 2181 :

247 2239 307 2279 ibi
343 2239 483 2279 etiam
524 2252 602 2292 per
642 2236 881 2279 “Unctum
919 2235 1151 2289 Jehovae’‘
1188 2236 1461 2295 intelligitur
1502 2237 1740 2287 Dominus,

247 2302 397 2355 agitur
429 2302 548 2342 enim
585 2301 645 2342 ibi
685 2301 741 2342 de
778 2299 1122 2354 impugnatione
1155 2299 1305 2341 Divini
1337 2300 1446 2341 Veri
1477 2315 1503 2341 a
1534 2300 1656 2341 falsis
1694 2308 1740 2342 et

248 2364 392 2414 malis,
421 2364 540 2418 quod
568 2363 848 2418 significatur
875 2377 953 2416 per
979 2362 1099 2415 quod
1130 2365 1154 2382 ‘⁴
1174 2376 1305 2416 super
1331 2364 1562 2404 montibus
1594 2365 1740 2404 insec-

248 2429 335 2468 tati
366 2429 471 2477 sint,
505 2434 551 2468 et
585 2428 629 2468 in
667 2428 851 2468 deserto
887 2425 1086 2465 insidiati
1104 2424 1138 2476 ;”
1172 2426 1394 2479 “spiritus
1431 2427 1604 2474 narium
1620 2426 1639 2441 ”
1671 2433 1740 2467 est

247 2489 346 2542 ipsa
375 2490 471 2530 vita
501 2489 717 2530 caelestis
748 2501 863 2542 quae
894 2501 920 2526 a
946 2486 1145 2526 Domino
1175 2497 1220 2536 (n.
1241 2498 1347 2536 9818).
1413 2487 1489 2528 Ex
1520 2487 1589 2528 his
1620 2500 1739 2527 nunc

248 2550 349 2591 sciri
375 2556 530 2603 potest
558 2564 635 2591 cur
661 2556 756 2591 tam
783 2545 1121 2589 sacrosanctum
1147 2547 1228 2589 suit
1254 2548 1434 2590 laedere
1460 2547 1644 2589 unctum
1667 2548 1741 2601 Je-

247 2613 408 2663 hovae,
442 2620 490 2654 ut
532 2614 671 2655 etiam
711 2618 840 2667 patet
882 2625 942 2652 ex
979 2610 1134 2651 Verbo
1151 2611 1289 2653 :—Ut
1329 2613 1374 2652 in
1412 2611 1550 2652 Libro
1583 2611 1742 2652 Primo

248 2675 483 2725 Samuelis,

314 2771 412 2803 Dixit
426 2771 553 2810 David,
573 2773 595 2786 “
606 2762 713 2802 'Absit
729 2780 750 2801 a
765 2769 926 2811 Jehovah
939 2769 1037 2806 mihi,
1053 2769 1084 2800 si
1099 2768 1218 2801 fecero
1230 2770 1379 2801 verbum
1395 2770 1463 2801 hoc
1479 2770 1627 2801 domino
1643 2779 1725 2801 meo

420 2813 529 2846 uncio
545 2815 716 2856 Jehovae,
733 2820 768 2845 et
781 2813 920 2844 mittam
934 2822 1079 2843 manum
1097 2822 1214 2844 meam
1230 2813 1267 2845 in
1284 2823 1377 2851 eum,
1394 2814 1477 2855 quia
1492 2811 1620 2845 uncstus
1634 2813 1740 2854 Jeho-

422 2868 489 2890 vae
506 2859 565 2890 ille
577 2858 594 2870 ''
612 2858 720 2898 (xxiv.
739 2864 768 2895 7,
789 2865 824 2887 11
847 2854 906 2898 [B.
923 2856 968 2887 A.
985 2856 1016 2893 6,
1037 2853 1128 2897 10]);

248 2941 295 2976 et
322 2933 443 2984 alibi,
