2008 3432
686 376 1355 420 CAP.vffi,VERs.1e—N.35L
1680 363 1766 417 663

451 492 601 533 quatuor
622 489 828 523 animalibus
852 489 970 524 dicens
993 492 1154 533 tanquam
1181 498 1263 523 voce
1287 488 1457 526 tmn'teem'l⁷
1474 488 1638 531 significat
1655 500 1672 520 e
1687 490 1774 520 caelo

452 535 572 566 intimo
587 545 608 565 a
625 535 774 565 Domino
793 535 843 577 [n.
861 543 880 575 3
883 541 902 576 5
905 533 964 577 3];
990 533 1095 567 “Veni
1115 537 1151 568 et
1171 533 1318 577 aspice,''
1335 533 1499 575 significat
1515 534 1727 565 attentionem
1745 538 1776 566 et

444 579 682 621 perceptionem
704 579 754 621 [n.
772 587 792 620 3
796 578 870 621 54].

318 650 350 673 2.
384 641 447 675 “Et
459 641 528 675 ridi
541 645 578 675 et
592 652 672 675 ecce
685 652 794 685 equus
806 642 916 680 albus,
919 643 935 654 ”
948 641 1110 684 significat
1123 643 1326 674 intellec‘tum
1338 642 1416 673 veri
1424 653 1466 673 ex
1488 642 1585 673 Verbo
1601 641 1652 685 [n.
1667 650 1687 683 3
1690 640 1771 684 55]·

452 689 510 720 “et
523 687 649 720 sedens
665 697 772 729 supet·
788 687 845 720 illo
861 686 990 720 habens
1005 696 1136 724 arcum,
1138 686 1332 728 ”significat
1343 687 1535 718 dodanam
1552 687 1730 718 charitatis
1744 691 1775 718 et

435 731 536 774 fidei,
547 742 589 763 ex
604 743 671 773 qua
680 737 755 773 pag
755 737 864 762 natur
878 736 992 762 contra
1010 732 1101 763 mala
1115 732 1261 773 etfalsa,
1275 742 1315 762 ac
1328 731 1538 773 dissipantur
1549 731 1609 762 zlla
1630 730 1680 774 [n.
1696 739 1715 772 3
1719 730 1774 772 56

450 783 492 817 35
498 775 555 818 7]
582 778 639 809 “et
653 775 734 808 data
752 778 809 809 es!
823 775 858 809 ei
871 785 1006 813 corona,
1009 775 1200 817 ”significat
1212 776 1320 807 vztam
1333 780 1503 806 aeternam
1517 787 1601 817 quae
1612 776 1776 807 victoriae

442 821 638 862 praeratum
655 820 705 863 [n.
720 829 740 861 3
744 819 823 862 58]
850 822 907 853 “et
922 819 1028 853 exirit
1042 820 1178 854 vincens
1195 822 1232 853 et
1246 822 1287 853 ut
1303 818 1481 857 vinceret!
1495 819 1657 861 significat
1671 830 1774 852 remo-

449 865 571 896 tuorum
589 866 756 896 malorum
771 869 803 896 et
824 865 902 896 znde
914 865 1087 907 sah-orum
1104 865 1142 896 in
1153 865 1233 907 fine
1247 865 1349 903 vitae,
1365 869 1397 895 et
1409 869 1521 906 postea
1545 865 1583 896 in
1599 869 1774 896 aeternum

455 909 507 953 [n-
524 908 619 952 359]-

352 1009 538 1053 35101
525 1009 631 1048 [Vm
649 1009 691 1048 1]
723 999 810 1039 “Et
838 998 939 1039 vidi!
941 998 1146 1052 ¹—Quod
1177 997 1404 1052 significet
1436 998 1772 1050 manifestatw-

274 1074 370 1101 nem
394 1067 592 1101 statuum
616 1075 764 1101 eorum
789 1075 863 1114 qut
889 1060 945 1102 ab
966 1060 1142 1101 ecclesza
1167 1060 1245 1101 ubi
1277 1059 1476 1109 Verbum,
1501 1067 1684 1101 constat
1710 1074 1770 1101 ex

275 1124 379 1164 visis
404 1138 430 1164 a
454 1124 674 1177 Johanne,
699 1124 755 1164 de
779 1125 937 1177 quibus
959 1125 1003 1164 in
1026 1124 1110 1165 hoc
1134 1124 1284 1178 capite
1307 1131 1353 1165 et
1379 1124 1423 1164 in
1447 1137 1556 1164 mox
1579 1137 1771 1177 sequen·

275 1187 407 1234 tibus,
423 1188 542 1241 quod
565 1188 654 1228 sint
673 1187 1061 1228 manifestationes
1080 1193 1227 1228 status
1249 1200 1402 1228 eorum
1418 1188 1491 1240 qui
1509 1187 1566 1227 ab
1580 1187 1774 1228 ecclesia

275 1250 348 1290 ubi
375 1250 604 1301 Verbum;
637 1252 786 1303 agitur
812 1252 931 1291 enim
958 1251 1013 1291 de
1043 1250 1329 1303 “aperitione
1356 1250 1604 1303 sigillorum
1638 1250 1736 1290 libri
1750 1248 1771 1265 ’'

274 1314 348 1367 qui
378 1314 422 1354 in
449 1327 583 1354 manu
611 1314 805 1361 Domini,
834 1327 884 1354 ac
917 1314 974 1354 de
1005 1313 1090 1354 illis
1115 1327 1229 1367 quae
1256 1320 1363 1354 tunc
1391 1314 1486 1353 visa
1511 1319 1629 1369 sunt,
1657 1326 1772 1366 quae

275 1377 449 1418 fuerunt
469 1381 493 1397 “
506 1384 697 1430 quatuor
715 1376 854 1430 equi,‘'
872 1390 982 1416 unus
1004 1376 1146 1425 albus,
1165 1375 1281 1417 alter
1298 1375 1430 1423 rufus,
1450 1376 1609 1416 tertius
1628 1376 1769 1428 niger,

276 1447 322 1481 et
349 1447 533 1494 quartus
560 1440 766 1494 pallidus,
794 1453 845 1480 ac
873 1446 1034 1493 postea
1061 1440 1276 1480 “animae
1302 1440 1552 1480 occisorum
1585 1446 1771 1492 propter

276 1503 479 1544 Verbum
513 1503 636 1551 Dei,’'
662 1510 756 1543 tum
792 1506 975 1543 “terrae
1007 1502 1196 1551 motus‚’‘
1223 1509 1268 1543 et
1302 1502 1488 1543 tandem
1517 1500 1771 1555 “1¹¹septem

274 1567 427 1620 angeli
452 1568 525 1621 qui
548 1567 776 1608 habebant
804 1573 979 1619 septem
1002 1566 1134 1607 tubas
1153 1565 1186 1616 ;”
1217 1579 1295 1619 per
1320 1578 1435 1619 quae
1457 1566 1607 1606 omnia
1629 1566 1767 1618 signi-

276 1630 464 1672 ficantur
495 1630 881 1671 manifestationes
913 1636 1060 1671 status
1090 1642 1243 1670 eorum
1276 1629 1349 1683 qui
1387 1629 1445 1669 ab
1483 1629 1688 1677 ecclesia,
1722 1635 1770 1670 ut

274 1701 484 1735 constare
515 1700 668 1747 potest
699 1707 726 1733 a
751 1692 937 1745 singulis
962 1693 1005 1732 in
1032 1705 1165 1732 sensu
1191 1693 1370 1733 interno
1395 1690 1624 1745 spectatis
1685 1690 1770 1735 Ec-

218 1760 225 1762 ’
274 1756 406 1797 clesia
443 1756 520 1797 ubz
566 1756 768 1805 Verbum,
808 1756 983 1803 dicitur,
1022 1756 1124 1808 quia
1161 1755 1343 1795 Domini
1381 1754 1573 1796 ecclesia
1612 1761 1682 1795 est
1722 1755 1767 1796 in

278 1820 483 1860 universo
510 1826 728 1860 terrarum
761 1819 882 1867 orbe,
911 1818 990 1859 sed
1022 1819 1065 1858 in
1092 1819 1240 1874 specie
1271 1818 1343 1858 ubi
1370 1818 1585 1867 Verbum,
1614 1824 1660 1858 et
1692 1831 1771 1889 per

275 1883 318 1923 id
346 1883 566 1923 Dominus
594 1889 756 1932 notus;
790 1882 846 1922 de
872 1888 994 1922 statu
1021 1894 1173 1922 eorum
1201 1881 1275 1934 qui
1296 1881 1353 1921 ab
1377 1881 1461 1921 hac
1493 1881 1698 1930 ecclesia,
1720 1881 1770 1921 in

277 1946 411 1986 Libro
442 1945 528 1987 hoc
561 1946 830 1999 Prophetico
862 1945 1073 1997 imprimis
1105 1945 1264 1997 agitur,
1298 1944 1368 1984 hic
1401 1945 1444 1984 in
1477 1957 1657 1997 genere,
1691 1944 1770 1986 sed

276 2016 435 2063 postea
459 2010 502 2049 in
530 2009 692 2062 specie.
763 2008 897 2061 Quod
929 2008 984 2048 de
1017 2008 1099 2048 hac
1132 2007 1324 2049 ecclesia
1348 2009 1562 2061 imprimis
1594 2015 1769 2061 agatur,

275 2079 346 2113 est
372 2086 520 2121 causa,
548 2073 650 2126 quia
676 2072 930 2125 praesentia
957 2070 1139 2111 Domini
1165 2077 1211 2112 et
1237 2071 1341 2112 inde
1366 2071 1631 2124 angelorum
1658 2071 1772 2111 caeli

275 2135 393 2189 apud
429 2135 635 2176 homines
679 2134 806 2187 hujus
844 2133 1016 2175 telluris
1052 2141 1122 2174 est
1158 2146 1237 2187 per
1267 2133 1486 2182 Verbum,
1525 2133 1610 2174 hoc
1650 2134 1770 2174 enim

276 2199 580 2251 conscriptum
613 2204 683 2239 est
719 2211 797 2251 per
829 2210 973 2237 meras
1006 2190 1454 2250 corresp'ondentias;
1500 2196 1604 2237 inde
1636 2196 1684 2236 fit
1722 2203 1770 2238 ut

275 2275 452 2315 quoque
474 2261 729 2314 praesentia
753 2260 934 2301 Domini
956 2265 1002 2300 et
1024 2259 1289 2313 angelorum
1312 2259 1425 2301 caeli
1447 2260 1504 2300 sit
1528 2259 1646 2313 apud
1668 2259 1770 2300 illos

275 2325 348 2378 qui
377 2325 665 2365 circumcirca
695 2338 773 2365 seu
805 2330 937 2365 extra
968 2336 1068 2363 eam
1099 2330 1218 2372 sunt,
1246 2324 1320 2377 qui
1352 2323 1525 2364 Gentes
1551 2329 1772 2364 vocantur

276 2387 325 2424 (ut
340 2392 484 2416 constare
496 2392 600 2424 potest
614 2396 653 2416 ex
669 2387 727 2416 illis
742 2396 824 2423 quae
837 2387 869 2414 in
885 2394 981 2423 opere
996 2386 1048 2414 De
1066 2386 1158 2415 Caelo
1172 2390 1203 2415 et
1217 2387 1354 2425 lnferno,
1369 2386 1419 2415 De
1435 2386 1671 2424 Conjuncftione
1683 2385 1773 2415 Caeli

275 2441 348 2462 cum
363 2432 504 2461 Homine
518 2432 677 2461 Ecclesiae
688 2441 746 2469 per
754 2432 907 2465 Verbum,
918 2439 948 2460 n.
962 2439 1028 2468 114,
1039 2439 1187 2468 303—310,
1201 2436 1232 2460 et
1247 2432 1278 2460 in
1296 2432 1456 2460 Doctrina
1467 2432 1578 2460 Novae
1589 2431 1773 2468 Hierosoly-

275 2491 351 2517 mae,
368 2491 398 2511 n.
415 2491 484 2519 244.
501 2482 569 2520 246,
586 2482 735 2519 255—266,
752 2481 839 2510 dieta
852 2485 884 2509 et
898 2485 1024 2509 ostensa
1038 2483 1138 2519 sunt).
1206 2470 1419 2511 Ecclesia
1443 2471 1563 2510 enim
1594 2470 1638 2510 in
1670 2470 1770 2509 uni-

275 2547 406 2574 verso
432 2540 651 2574 terrarum
683 2534 792 2574 orbe
818 2539 888 2573 est
919 2545 1070 2572 coram
1098 2532 1295 2573 Domino
1320 2533 1435 2573 sicut
1462 2546 1573 2572 unus
1602 2531 1768 2579 Homo,

277 2607 414 2635 unum
439 2596 560 2635 enim
585 2595 692 2635 facit
728 2607 828 2635 cum
869 2593 999 2634 caelo
1034 2594 1260 2647 angelico.
1330 2604 1443 2642 (Quod
1458 2604 1491 2633 id
1504 2613 1611 2633 coram
1629 2602 1771 2633 Domino

275 2659 314 2687 sit
332 2659 413 2688 sicut
427 2668 511 2688 unus
528 2659 649 2693 Homo,
665 2659 809 2687 videatur
823 2658 856 2686 in
871 2666 968 2694 opere
982 2657 1033 2686 De
1051 2658 1140 2687 Caelo
1155 2661 1185 2687 et
1198 2658 1335 2696 Inferna,
1351 2667 1382 2687 n.
1397 2665 1528 2695 59—102
1532 2658 1543 2695 )
1602 2646 1655 2686 In
1680 2646 1767 2687 hoc

278 2709 475 2750 Homine
501 2716 571 2750 est
593 2709 784 2750 ecclesia
806 2709 879 2748 ubi
902 2707 1101 2749 Verbum
1129 2715 1174 2750 et
1201 2723 1279 2762 per
1301 2709 1344 2749 id
1372 2709 1592 2749 Dominus
1619 2714 1768 2756 notus,

277 2774 391 2814 sicut
417 2787 494 2814 cor
520 2779 567 2813 et
593 2774 707 2813 sicut
735 2772 915 2826 pulmo;
948 2771 1139 2813 ecclesia
1164 2772 1282 2825 apud
1313 2772 1415 2812 illos
1441 2772 1514 2825 qui
1546 2772 1589 2811 in
1616 2784 1769 2811 amore

276 2835 462 2877 caelesti
484 2842 588 2877 sunt
611 2837 725 2876 sicut
749 2849 838 2882 cor,
862 2841 908 2876 et
933 2831 1050 2888 apud
1073 2835 1174 2876 illos
1201 2836 1274 2889 qui
1301 2836 1343 2876 in
1371 2848 1524 2876 amore
1550 2833 1770 2887 spirituali

276 2906 380 2940 sunt
412 2900 526 2940 sicut
559 2899 737 2952 pulmo:
781 2912 917 2951 quare
948 2899 1062 2939 sicut
1094 2900 1246 2939 omnia
1277 2899 1491 2947 membra,
1519 2899 1690 2938 viscera
1722 2904 1768 2937 et

276 2975 448 3015 organa
483 2962 682 3015 corporis
715 2962 871 3002 vivunt
905 2975 965 3002 ex
1005 2962 1141 3002 corde
1173 2968 1222 3004 et
1259 2975 1318 3003 ex
1356 2960 1584 3014 pulmone,
1615 2967 1665 3000 et
1707 2973 1766 3000 ex

267 3038 430 3066 reorum
469 3024 639 3065 influxu
678 3031 724 3065 et
765 3024 868 3065 inde
909 3025 1177 3078 praesentia,
1211 3025 1274 3066 ita
1311 3037 1487 3078 quoque
1525 3036 1681 3065 omnes
1722 3023 1765 3063 in
