2008 3360
673 351 779 384 CAP.
804 351 904 391 vn„
928 350 1065 382 VERs.
1090 349 1237 394 7.—N.
1260 338 1424 393 444[c].
1693 349 1799 391 1127

472 475 566 506 eum,
586 471 621 497 et
640 465 764 506 plagas
784 465 987 506 infligentes
1006 464 1206 502 abiverunt,
1228 463 1470 504 relinquentes
1490 472 1572 494 eum
1593 471 1672 493 cum
1693 461 1800 493 semi-

473 515 634 541 mortuus
651 516 765 541 esset:
792 516 827 541 et
846 509 938 540 forte
958 507 1124 540 sacerdos
1141 508 1220 549 quis
1239 507 1424 539 descendit
1443 506 1478 537 in
1499 506 1625 537 eadem
1647 506 1715 542 via,
1735 506 1799 537 sed

471 554 597 585 videns
610 563 691 585 eum
706 553 908 594 praeteriit:
928 553 1091 584 similiter
1101 552 1208 584 etiam
1225 551 1351 583 Levita
1361 560 1440 581 cum
1453 556 1548 581 esset
1558 549 1652 590 apud
1666 550 1795 586 locum,

471 597 622 629 veniens
641 603 677 628 et
696 598 822 628 videns
847 597 1046 637 praeteriit:
1073 596 1248 627 Samarita
1266 600 1387 626 autem
1407 594 1551 635 quidam
1576 594 1643 626 iter
1662 593 1798 625 faciens

471 641 570 673 venit
586 641 631 672 ad
647 651 741 678 eum,
758 648 793 672 et
806 641 931 672 videns
948 650 1029 671 eum
1044 640 1240 671 visceribus
1256 644 1458 670 commotus
1475 643 1550 675 est:
1576 646 1684 678 quare
1701 646 1799 668 acce-

469 685 560 716 dens
577 685 752 725 obligavit
766 684 914 715 vulnera
929 683 1019 724 ejus,
1037 683 1166 715 infudit
1182 682 1302 714 oleum
1320 689 1355 714 et
1369 676 1503 719 vinu‘m,
1520 681 1649 712 deinde
1666 680 1799 712 tollens

469 738 552 760 eum
566 738 673 769 super
687 728 867 768 proprium
881 728 1082 768 jumentum
1096 727 1198 759 duxit
1213 727 1250 758 in
1263 726 1512 763 diversorium,
1529 731 1566 757 et
1582 734 1704 756 curam
1719 724 1798 764 ejus

469 772 593 804 habuit
607 782 614 809 ;
638 772 785 812 insuper
800 772 957 803 crastino
973 771 1030 802 die
1047 771 1171 802 exiens
1188 770 1342 802 extraxit
1357 770 1448 801 duos
1465 769 1632 800 denarios
1650 774 1685 800 et
1701 768 1799 800 dedit

469 816 614 856 hospiti,
638 826 678 847 ac
698 816 787 847 dixit
811 815 873 852 illi,
897 815 1030 849 Curam
1056 814 1134 855 ejus
1157 815 1262 852 habe,
1286 823 1370 845 nam
1390 813 1626 854 quodcunque
1650 813 1798 852 insuper

469 859 716 900 insumpseris,
729 859 872 900 quando
885 869 1048 890 reversus
1059 858 1172 896 fuero,
1187 858 1372 890 restituam
1383 857 1458 889 tibi.
1493 857 1581 898 Quis
1592 866 1678 896 ergo
1690 856 1797 887 trium

468 903 596 934 horum
618 904 757 934 videtur
776 903 838 934 tibi
858 902 1042 943 proximus
1062 902 1173 934 fuisse
1191 902 1270 942 ejus
1289 902 1349 942 qui
1368 901 1541 933 inciderat
1559 900 1596 932 in
1617 900 1799 932 latrones?

471 946 540 978 Hic
559 947 660 983 dixit,
683 947 752 987 Qui
777 947 859 978 fecit
879 946 1160 978 misericordiam
1185 955 1266 978 cum
1290 946 1363 977 illo.
1414 945 1459 976 Et
1477 945 1567 976 dixit
1586 943 1703 986 Jesus,
1726 943 1797 975 Abi

469 997 518 1029 tu,
539 1001 680 1032 quoque
697 990 753 1022 fac
769 991 934 1022 similiter
945 990 963 1002 ”
980 992 1027 1030 (x.
1045 991 1185 1031 29—37):

293 1068 445 1121 agitur
469 1068 527 1108 ibi
554 1068 610 1108 de
637 1067 862 1108 charitate
890 1081 998 1120 erga
1030 1067 1303 1121 proximum,
1331 1072 1377 1107 et
1404 1066 1460 1107 de
1491 1065 1623 1106 bonis
1648 1064 1795 1118 operi-

293 1131 389 1177 bus,
418 1144 497 1184 per
522 1144 636 1184 quae
663 1130 862 1171 charitas
890 1137 960 1171 est
992 1131 1036 1170 in
1069 1144 1150 1170 suo
1177 1127 1337 1170 effectu
1363 1135 1411 1170 et
1441 1129 1485 1169 in
1518 1143 1598 1169 suo
1631 1127 1793 1182 pleno:

295 1193 659 1246 “Hierosolyma
671 1192 691 1208 ”
717 1193 776 1233 ibi
810 1192 1035 1246 significat
1068 1192 1310 1234 ecclesiam
1343 1192 1416 1233 ubi
1441 1205 1547 1239 vera
1574 1189 1793 1237 doctrina,

291 1262 339 1297 et
359 1255 610 1309 “Jericho”
626 1255 750 1296 illam
771 1256 843 1296 ubi
862 1256 1151 1308 cognitiones
1169 1255 1326 1296 veriet
1345 1255 1451 1296 boni
1469 1269 1478 1305 ;
1514 1253 1796 1295 “sacerdos''

293 1318 397 1359 inde
429 1318 657 1372 significat
691 1318 793 1358 illos
827 1319 986 1372 quibus
1020 1318 1167 1358 nullus
1200 1331 1327 1358 amor
1357 1318 1401 1358 in
1435 1317 1681 1358 Dominum
1707 1324 1793 1365 est,

291 1387 340 1422 et
375 1381 610 1422 “Levita''
641 1381 743 1421 illos
786 1381 945 1435 quibus
980 1380 1104 1421 nulla
1141 1381 1339 1421 charitas
1380 1394 1489 1433 erga
1520 1381 1793 1433 proximum,

290 1443 447 1498 quales
473 1451 604 1485 erant
631 1458 686 1485 eo
712 1451 919 1497 tempore
946 1445 990 1483 in
1020 1443 1368 1496 Hierosolyma;
1398 1442 1693 1484 “Samarita’'
1714 1457 1794 1483 au-

291 1513 385 1548 tem
423 1506 652 1560 significat
692 1514 858 1560 gentes
894 1521 1008 1560 quae
1052 1507 1095 1546 in
1138 1506 1260 1547 bono
1301 1499 1554 1547 charitatis
1588 1506 1793 1556 fuerunt;

293 1569 472 1610 “homo
507 1570 792 1610 descendens
824 1583 848 1610 e
883 1569 1206 1622 Hierosolyma
1241 1570 1285 1609 in
1321 1569 1534 1622 Jericho”
1567 1568 1794 1622 significat

291 1632 392 1672 illos
419 1633 494 1686 qui
526 1633 688 1673 instrui
715 1632 957 1672 voluerunt
985 1632 1027 1672 in
1055 1631 1276 1673 ecclesiae
1301 1633 1418 1672 veris
1440 1638 1486 1673 et
1519 1633 1793 1685 cognitioni-

291 1695 402 1735 bus:
446 1695 691 1735 “latrones
707 1695 726 1710 ”
758 1696 802 1735 in
834 1709 947 1748 quos
981 1695 1152 1744 incidit,
1181 1694 1441 1748 significant
1473 1695 1575 1736 illos
1607 1701 1716 1736 tunc
1748 1697 1793 1736 in

289 1757 484 1798 ecclesia
523 1771 748 1811 perversa,
782 1758 926 1811 qualis
958 1772 1012 1798 eo
1046 1764 1253 1811 tempore
1295 1764 1393 1799 erat
1423 1757 1636 1811 Judaica;
1682 1759 1793 1812 “qui

289 1827 513 1872 exuentes
541 1834 658 1867 eum,
687 1820 834 1874 plagis
860 1820 1121 1861 afflixerunt
1147 1827 1194 1861 et
1227 1821 1570 1861 semimortuum
1597 1820 1790 1875 relique-

289 1882 433 1930 runt‚”
460 1882 689 1936 significat
722 1883 842 1937 quod
875 1883 1000 1923 illum
1028 1884 1144 1923 veris
1176 1883 1438 1924 orbaverint
1470 1897 1522 1924 ac
1554 1883 1676 1924 falsis
1708 1884 1792 1924 im·-

290 1945 483 1993 buerint,
517 1953 564 1986 et
598 1947 658 1986 sic
697 1946 823 1986 illum
855 1946 1005 1999 quoad
1046 1945 1326 1999 spiritualem
1356 1947 1498 1987 vitam
1534 1947 1578 1986 in
1612 1953 1793 1989 tantum

292 2007 507 2048 laeserint
538 2015 587 2049 ut
620 2009 696 2048 vix
730 2009 879 2062 aliqua
911 2010 1004 2049 vita
1038 2009 1280 2062 spiritualis
1317 2015 1619 2064 superessem*
1642 2013 1792 2050 “exu-

289 2070 395 2110 ere’'
427 2071 471 2110 in
505 2070 660 2111 Verbo
699 2071 924 2124 significat
962 2072 1122 2112 orbare
1154 2072 1284 2120 veris,
1321 2072 1561 2125 “infligere
1598 2072 1759 2126 plagas
1773 2072 1794 2088 '’

289 2132 516 2185 significat
550 2141 752 2174 mentem
791 2141 836 2174 et
870 2135 1010 2174 vitam
1043 2134 1322 2187 spiritualem
1359 2135 1480 2175 falsis
1517 2135 1711 2185 laedere,
1745 2142 1793 2177 et

292 2196 686 2237 “semimortuus‘’
724 2196 951 2250 significat
989 2197 1095 2237 dum
1132 2211 1277 2251 paene
1315 2211 1479 2251 expers
1516 2198 1633 2239 illius
1670 2199 1793 2239 vitae

289 2264 438 2298 esset:
477 2259 760 2300 “visceribus
785 2261 1061 2300 commoveri
1073 2259 1092 2274 ''
1114 2259 1339 2313 significat
1364 2261 1717 2302 misericordiam
1744 2268 1792 2303 et

288 2321 563 2361 charitatem
579 2322 637 2362 ab
652 2323 853 2363 interiori
871 2337 880 2372 ;
908 2323 1214 2363 misericordia
1227 2323 1367 2363 etiam
1381 2329 1429 2364 et
1440 2323 1640 2364 charitas
1655 2338 1791 2365 unum

288 2383 484 2424 faciunt:
520 2384 765 2438 “obligare
791 2385 990 2433 vulnera,
1017 2391 1063 2425 et
1090 2385 1322 2426 infundere
1348 2386 1499 2426 oleum
1526 2394 1572 2428 et
1598 2387 1792 2436 vinum,'’

288 2445 514 2498 significat
542 2461 700 2500 parare
725 2447 952 2488 medelam
979 2454 1140 2488 contra
1165 2447 1277 2489 falsa
1303 2462 1417 2502 quae
1443 2449 1671 2491 laeserant
1697 2450 1791 2503 ejus

288 2509 430 2549 vitam
447 2523 525 2562 per
539 2510 707 2550 bonurn
723 2511 888 2550 amoris
902 2516 949 2551 et
963 2524 1117 2551 verum
1135 2509 1238 2551 fidei
1256 2511 1522 2553 instruendo
1539 2527 1549 2564 ;
1569 2516 1594 2533 ‘⁴
1607 2513 1758 2554 oleum
1772 2513 1792 2528 ’‘

287 2572 331 2611 in
359 2570 516 2612 Verbo
547 2571 774 2625 significat
806 2573 975 2613 bonurn
1008 2573 1189 2622 amotiS‚
1216 2580 1264 2615 et
1292 2575 1515 2616 “vinum'’
1541 2576 1709 2616 bonum
1741 2582 1790 2616 et

287 2647 442 2674 verum
465 2634 592 2675 fidei:
629 2635 834 2675 “tollere
857 2648 989 2688 super
1010 2636 1237 2689 proprium
1255 2636 1510 2689 jumentum
1521 2638 1541 2653 ‘'
1563 2638 1790 2691 significat

286 2697 537 2737 secundum
560 2696 843 2738 intellectum
867 2710 994 2738 suum
1016 2705 1237 2751 quantum
1262 2707 1432 2753 posset,
1453 2714 1558 2741 nam
1579 2700 1790 2754 “equus”

287 2759 515 2812 significat
548 2758 847 2808 intellectum,
883 2760 1090 2801 similiter
1124 2761 1411 2814 “jumentum
1430 2763 1464 2803 :''
1503 2764 1707 2805 “ducere
1744 2765 1789 2804 in

285 2822 595 2870 diversorium,
625 2829 672 2863 et
702 2835 854 2862 curam
881 2822 975 2875 ejus
1007 2822 1216 2872 habere,''
1241 2825 1467 2878 significat
1498 2827 1555 2867 ad
1586 2826 1688 2866 illos
1715 2827 1789 2880 qui

287 2883 386 2938 plus
417 2883 623 2925 instructi
659 2891 764 2925 sunt
795 2885 839 2925 in
872 2885 1208 2938 cognitionibus
1237 2887 1344 2928 boni
1376 2881 1422 2929 et
1448 2889 1566 2939 veri;
1602 2889 1788 2929 “diver-

286 2946 482 2987 sorium'’
497 2953 567 2988 est
588 2947 661 2988 ubi
680 2953 891 2987 emuntur
908 2948 995 2988 cibi
1015 2954 1062 2989 et
1085 2955 1233 3002 potus,
1253 2964 1333 3004 per
1346 2964 1458 3004 quos
1476 2950 1789 3004 significantur

286 3008 576 3061 cognitiones
608 3010 715 3050 boni
748 3016 794 3050 et
824 3010 932 3059 veri,
959 3023 1011 3051 ac
1043 3011 1148 3053 inde
1179 3013 1367 3054 nutritio
1399 3013 1640 3067 spiritualis
1672 3027 1787 3068 quae
