2008 3360
653 325 760 367 c-AP.
783 326 863 366 vr,
888 325 1025 358 VERS.
1050 325 1196 358 2.-—N,
1221 326 1313 371 359
1646 327 1727 370 701

238 445 400 480 contra
424 437 543 480 mala
567 444 613 479 et
642 439 766 488 falsa,
793 447 839 481 et
872 453 950 494 per
977 443 1144 493 “reges
1155 439 1176 455 '‘
1201 439 1510 493 significantur
1534 453 1639 481 vera
1658 453 1729 480 ex

236 501 358 542 bono
382 515 496 555 quae
528 507 688 542 contra
717 501 794 542 illa
824 509 1044 556 pugnant,
1076 502 1180 543 inde
1211 503 1406 556 antiquis
1437 502 1728 556 temporibus,

236 564 417 618 quando
431 565 472 604 in
489 564 676 604 scientia
691 565 1187 618 correspondentiarum
1202 571 1247 605 et
1262 565 1728 618 repraesentationum

235 626 425 674 fuerunt,
458 641 589 680 reges
622 628 665 667 in
700 627 878 681 proeliis
911 627 1140 668 habebant
1173 641 1386 668 coronam
1419 641 1551 681 super
1581 628 1730 681 capite

235 696 283 731 et
313 689 534 730 armillam
565 703 698 743 super
727 690 910 731 brachio
930 705 940 741 ;
982 696 1030 731 ut
1062 697 1271 731 constare
1307 697 1460 744 potest
1497 704 1556 731 ex
1591 686 1731 731 Libro

235 752 430 794 Secundo
455 752 688 801 Samuelis,

310 848 404 880 Puer
423 848 517 880 filius
536 848 775 885 Amalekitae,
796 849 855 889 qui
875 849 1055 881 nuntiavit
1075 849 1206 881 Davidi
1236 849 1331 890 quod
1351 855 1513 880 mortuus
1532 855 1627 880 esset
1646 847 1731 880 Saul

408 898 444 924 et
459 891 656 934 jonathan,
672 891 772 929 dixit,
792 894 814 906 ¹⁴
825 892 916 923 Veni
934 892 970 923 in
987 899 1147 924 montem
1165 892 1327 930 Gilboae,
1343 903 1425 924 cum
1441 902 1524 924 ecce
1541 892 1624 924 Saul
1642 892 1732 924 nite-

349 961 352 965 .
375 963 379 966 .
409 941 507 968 retur
520 936 556 966 in
571 935 710 967 hastam
724 945 837 973 suam,
851 946 892 967 ac
906 946 1028 967 currus
1041 942 1076 968 et
1088 937 1197 968 duces
1211 943 1510 977 persequerentur
1522 936 1620 967 illum
1635 945 1658 973 ;.
1672 961 1679 967 .
1694 960 1702 967 .
1714 959 1725 969 .

410 985 445 1011 et
462 979 552 1010 dixit
564 979 610 1010 ad
627 989 696 1015 me,
713 979 804 1010 Veni
823 985 858 1010 et
874 980 996 1011 occide
1010 989 1066 1011 me
1080 989 1103 1016 :.
1117 1004 1125 1012 .
1138 1004 1147 1012 .
1161 986 1213 1012 ,et
1229 980 1311 1011 steti
1325 986 1452 1011 contra
1464 990 1545 1011 eum
1563 986 1598 1011 et
1615 979 1729 1011 occidi

411 1023 512 1054 illum
526 1032 550 1061 ς.
565 1047 572 1054 .
585 1047 594 1054 .
608 1028 660 1054 ,et
683 1023 804 1063 accepi
822 1032 994 1054 coronam
1012 1033 1103 1064 quae
1120 1033 1228 1063 super
1244 1023 1361 1064 capite
1385 1023 1474 1064 ejus,
1494 1029 1530 1055 et
1553 1023 1729 1058 armillam

410 1076 502 1108 quae
518 1076 628 1107 super
643 1066 802 1104 brachio,
821 1072 857 1098 et
877 1067 1015 1098 adduco
1032 1066 1103 1098 ea'’
1119 1068 1165 1098 ad
1182 1073 1216 1098 te
1233 1067 1268 1107 (i.
1283 1067 1315 1105 6,
1329 1068 1439 1107 8-10).

234 1165 414 1208 Corona
435 1166 479 1206 in
503 1164 681 1219 proeliis
699 1173 806 1206 tunc
829 1166 906 1206 fuit
930 1166 1105 1219 insigne
1127 1180 1319 1220 pugnae,
1338 1173 1384 1207 et
1407 1165 1581 1207 armilla
1599 1180 1730 1219 super

233 1228 418 1270 brachio
450 1228 530 1269 suit
570 1229 745 1281 insigne
782 1229 1028 1282 potentiae,
1064 1230 1292 1283 utriusque
1329 1237 1490 1270 contra
1527 1229 1645 1270 mala
1681 1235 1728 1270 et

232 1291 344 1332 falsa
361 1305 371 1342 ;
398 1291 482 1332 hae
499 1292 635 1333 etiam
655 1305 834 1344 pugnae
849 1305 927 1344 per
939 1296 964 1311 ⁸·
979 1291 1149 1345 proelia
1159 1291 1179 1306 ’⁹
1192 1292 1336 1332 ubivis
1353 1293 1397 1332 in
1410 1292 1578 1340 Verbo,
1591 1292 1728 1333 etiam

234 1352 487 1400 HiStOYiCO,
506 1351 834 1405 significantur.
879 1363 993 1400 (Quod
1006 1361 1023 1371 ⁸⁸
1035 1363 1158 1392 armilla
1169 1372 1265 1401 super
1275 1364 1408 1393 brachio
1418 1364 1436 1374 ''
1449 1364 1604 1401 significet
1618 1368 1730 1401 poten·

232 1412 309 1441 tiam
323 1411 388 1440 veri
402 1420 441 1440 ex
455 1412 552 1445 bono,
568 1411 712 1440 videatur
726 1420 756 1440 n.
773 1418 863 1448 3105.
907 1412 993 1448 Quid
1007 1421 1104 1449 porro
1116 1415 1283 1441 “coronae
1293 1412 1436 1450 regum,”
1450 1417 1482 1442 et
1492 1416 1510 1426 ¹¹
1521 1411 1684 1442 coronaen
1697 1412 1730 1440 in

230 1470 358 1499 genere,
373 1461 561 1499 significant,
576 1461 721 1490 videatur
736 1461 871 1499 [supra]
888 1470 919 1490 n.
937 1460 1046 1502 272.)

310 1527 448 1571 359.
487 1517 566 1557 “ft
585 1516 709 1558 exivit
732 1516 893 1557 vincens
919 1521 964 1557 et
988 1521 1035 1557 ut
1057 1517 1470 1571 vincerei.''—Quod
1500 1516 1726 1570 significet

236 1580 512 1620 remotionem
532 1578 749 1620 malorum
769 1585 812 1619 et
832 1578 933 1619 inde
940 1578 1171 1630 falsorum
1193 1579 1238 1619 in
1249 1579 1345 1634 fine
1363 1580 1494 1626 vitae,
1516 1586 1559 1620 et
1573 1586 1729 1633 postea

206 1686 215 1688 ff
232 1642 278 1682 in
303 1649 542 1691 aeternum,
567 1648 749 1683 constat
775 1656 835 1682 ex
861 1640 1189 1694 significatione
1217 1643 1434 1683 “vincere
1446 1642 1464 1656 ’¹
1486 1643 1529 1682 in
1557 1642 1725 1691 Verbo,

231 1705 351 1758 quod
383 1706 440 1746 sit
472 1705 762 1759 spiritualiter
787 1705 980 1751 vincere,
1009 1705 1128 1758 quod
1162 1702 1232 1746 est
1265 1705 1502 1758 subjugare
1531 1705 1650 1746 mala
1680 1712 1726 1746 et

231 1767 369 1819 salsa;
401 1769 480 1809 sed
503 1769 612 1809 haec
634 1769 737 1822 quia
759 1781 849 1808 non
872 1767 1001 1808 aliter
1023 1768 1259 1808 vincuntur
1281 1782 1415 1822 quam
1437 1769 1556 1823 quod
1579 1782 1726 1810 remo-

230 1838 421 1872 veantur
445 1846 471 1872 a
497 1831 708 1879 Domino,
735 1831 837 1871 inde
864 1844 942 1884 per
965 1834 990 1849 “
1005 1830 1212 1871 vincere‘’
1234 1831 1511 1883 significatur
1533 1832 1726 1873 remotio

231 1892 455 1932 malorum
477 1898 524 1933 et
545 1891 775 1932 salsorum.
834 1902 946 1939 (Quod
960 1902 1044 1930 mala
1056 1906 1087 1930 et
1099 1901 1176 1930 falsa
1188 1907 1412 1932 removeantur
1423 1908 1455 1932 et
1467 1912 1532 1932 non
1544 1904 1729 1941 abstergan-

230 1956 289 1985 tur,
301 1960 358 1980 seu
369 1952 458 1988 quod
472 1951 571 1980 homo
586 1951 764 1980 detineatur
774 1951 815 1979 ab
830 1951 888 1979 illis
904 1955 934 1978 et
949 1955 1093 1978 teneatur
1106 1950 1138 1978 in
1153 1951 1240 1979 bono
1254 1956 1285 1979 et
1296 1960 1372 1980 vero
1386 1960 1406 1980 a
1422 1952 1572 1986 Domino,
1586 1952 1729 1981 videatur

229 1997 262 2025 in
277 1997 438 2026 Doctrina
451 1997 562 2025 Novae
577 1996 822 2033 Hierosolymae,
839 2004 870 2024 n.
889 1995 962 2029 166;
986 1999 1017 2022 et
1032 1994 1063 2023 in
1078 1995 1219 2024 Arcani-v
1237 1996 1434 2029 Caekstibus,
1447 2005 1477 2025 n.
1494 1997 1563 2033 865.
1576 1998 1644 2030 868.
1658 1999 1727 2033 887,

230 2043 299 2079 894·
314 2051 385 2079 929.
402 2043 490 2078 1581.
506 2041 595 2074 2116.
611 2041 700 2077 240⁶.
715 2040 805 2077 4564.
823 2040 911 2072 8206·
925 2041 1013 2076 8393¹
1027 2040 1116 2076 8988.
1129 2048 1218 2077 9014.
1230 2043 1422 2078 9333-9338·
1434 2041 1625 2078 9446-9448.
1637 2049 1726 2078 9451.

231 2093 514 2132 10057,[¹110060.)
583 2084 762 2124 Dicitur
795 2082 995 2123 “Exivit
1026 2083 1215 2123 vincens
1246 2090 1292 2124 et
1323 2090 1372 2124 ut
1402 2084 1647 2131 vinceret,’'
1677 2091 1725 2125 et

229 2160 308 2200 per
336 2146 514 2187 “exivit
539 2146 724 2186 vincens
737 2144 756 2160 ’‘
782 2143 1058 2197 significatur
1084 2145 1276 2185 remotio
1301 2145 1519 2186 malorum
1547 2153 1592 2186 et
1621 2146 1725 2187 inde

229 2209 440 2251 falsorum
472 2209 529 2250 ad
561 2208 693 2249 finem
725 2209 859 2255 vitae,
887 2213 933 2247 et
965 2220 1043 2259 per
1070 2209 1156 2248 “ut
1187 2208 1387 2249 vinceret
1403 2208 1423 2223 ‘'
1448 2208 1726 2262 significatur

229 2279 276 2314 et
312 2279 472 2327 postea
503 2273 546 2313 in
577 2278 840 2320 aeternum;
884 2282 987 2309 nam
1019 2269 1092 2322 qui
1129 2277 1301 2323 pugnat
1338 2278 1496 2312 contra
1529 2271 1646 2312 mala
1677 2279 1724 2313 et

228 2335 353 2384 salsa,
376 2342 422 2376 et
445 2336 583 2376 vincit
609 2334 685 2375 illa
710 2335 754 2375 in
775 2333 952 2388 *mundo
975 2345 1112 2384 usque
1134 2332 1191 2372 ad
1217 2332 1351 2374 finem
1374 2334 1509 2381 vitae,
1528 2334 1564 2374 is
1586 2334 1724 2375 vincit

227 2398 304 2439 illa
335 2399 379 2439 in
410 2405 672 2448 aeternum;
704 2397 842 2438 homo
873 2395 991 2436 enim
1023 2394 1166 2447 qualis
1196 2403 1266 2436 est
1298 2410 1356 2436 ex
1389 2395 1601 2437 anteacta
1631 2398 1725 2438 vita

227 2463 271 2504 in
293 2462 380 2503 fine
397 2463 518 2503 vitae
540 2474 659 2509 suae,
679 2459 782 2501 talis
805 2463 1039 2512 permanet
1061 2457 1105 2497 in
1127 2464 1373 2499 aeternum.
1435 2458 1568 2512 Quod
1589 2460 1722 2499 “vin-

228 2525 360 2567 cere’'
391 2523 614 2578 significet
651 2521 939 2577 spiritualiter
975 2523 1167 2571 vincere,
1199 2528 1269 2563 est
1307 2523 1409 2575 quia
1443 2522 1642 2563 Verbum
1678 2523 1722 2562 in

227 2589 326 2630 sinu
347 2602 428 2629 suo
453 2594 522 2629 est
546 2586 790 2641 spirituale,
816 2599 892 2625 seu
921 2585 963 2624 in
990 2586 1087 2626 sinu
1109 2599 1190 2625 suo
1210 2585 1305 2637 agit
1328 2586 1384 2625 de
1406 2585 1720 2638 spiritualibus,

227 2658 275 2693 et
306 2665 397 2693 non
428 2652 484 2692 de
516 2650 828 2697 terrestribus;
871 2649 1114 2696 terrestria,
1147 2662 1261 2702 quae
1297 2648 1340 2688 in
1373 2661 1505 2688 sensu
1542 2648 1721 2688 litterae

227 2715 320 2768 ejus
342 2721 461 2763 sunt,
485 2714 622 2755 modo
644 2712 890 2753 inserviunt
913 2712 1061 2751 sensui
1084 2711 1299 2764 spirituali
1322 2711 1414 2764 ejus
1440 2725 1519 2765 pro
1542 2712 1650 2758 basi,
1676 2712 1720 2751 in

227 2792 361 2832 quam
388 2777 638 2832 spiritualia
670 2775 894 2821 desinunt,
918 2780 965 2814 et
997 2774 1040 2814 in
1072 2787 1159 2827 qua
1190 2781 1306 2814 sunt.
1367 2773 1519 2814 Simile
1551 2773 1718 2826 signifi-

227 2847 354 2882 catur
385 2855 464 2895 per
490 2837 737 2881 “vincere'’
767 2838 811 2877 in
842 2836 1132 2890 sequentibus
1163 2837 1230 2878 his
1262 2836 1372 2877 locis
1389 2836 1512 2877 z—In
1543 2836 1583 2877 A
1586 2843 1718 2889 poca-

227 2902 357 2956 lypsi,
