2008 3360
227 291 233 294 ··
240 283 323 336 748
656 293 985 327 APOCALvPffls
1016 293 1311 328 EXPLmATA.

241 400 518 460 significetur
531 407 699 448 bonum
714 414 760 448 et
775 420 928 448 verum
943 421 1083 460 aeque
1098 421 1150 450 ac
1165 422 1244 461 per
1259 411 1285 430 “
1297 408 1445 451 oleum
1460 415 1506 451 et
1520 410 1672 452 vinum
1690 411 1724 462 ;”

240 469 319 510 sed
346 483 425 523 per
448 471 686 511 “triticum
713 477 759 511 et
786 470 1036 510 hordeum⁵³
1062 470 1230 511 bonum
1257 478 1304 513 et
1325 486 1479 514 verum
1501 473 1722 514 ecclesiae

239 531 284 572 in
310 545 490 585 genere,
519 533 582 574 ita
607 547 721 586 quae
753 534 801 573 in‹
823 532 1164 573 sensu=litterae
1191 533 1356 585 Verbi;
1389 548 1493 575 narn
1526 536 1645 576 bona
1676 543 1722 577 et

238 608 344 635 vera
370 609 483 649 quae
509 596 551 636 in
578 610 633 636 eo
659 609 792 636 sensu
818 595 957 636 Verbi
984 602 1102 644 sunt,
1131 596 1250 638 bona
1276 604 1321 638 et
1349 612 1453 639 vera
1479 599 1521 639 in
1555 612 1722 652 genere

239 664 357 707 sunt,
382 658 570 700 includit
603 659 721 699 enim
748 671 904 699 sensus
938 658 1117 700 litterae
1143 672 1323 701 sensum
1355 662 1646 714 spiritualem,
1675 669 1721 702 et

238 721 341 762 inde
359 722 478 762 bona
495 728 540 762 et
563 735 669 762 vera
687 720 934 774 spiritualia
951 735 960 770 ;
988 734 1124 774 quare
1144 723 1382 763 “tri-ticum
1402 730 1447 764 et
1471 724 1688 765 hordeum
1703 724 1721 739 ”

238 784 494 837 significant
531 785 650 825 bona
686 790 732 824 et
769 797 875 824 vera
912 783 1130 824 ecclesiae
1167 785 1209 824 in
1248 790 1427 838 genere,
1466 800 1579 839 quae
1617 794 1721 828 sunt

237 860 395 887 sensus
426 847 605 888 litterae
632 846 784 894 Verbi,
810 852 857 887 at
886 846 1074 887 “oleum
1107 853 1153 888 et
1179 848 1329 888 vinum
1343 848 1361 862 ‘¹
1388 849 1507 889 bona
1539 856 1584 890 et
1615 863 1721 890 vera
1774 884 1776 886 .
1833 843 1835 845 ¹

238 922 395 950 sensus
432 910 595 951 interni
633 923 711 950 seu
748 909 989 962 spiritualis
1026 909 1192 960 Verbi;
1236 910 1348 951 haec
1387 918 1490 951 sunt
1524 912 1642 952 bona
1674 919 1720 953 et

237 986 342 1012 vera
365 973 590 1020 interiora,
615 972 691 1012 illa
713 985 820 1012 vero
843 972 1082 1012 exteriora.
1134 971 1266 1024 Quod
1289 974 1378 1014 sint
1401 973 1520 1014 bona
1543 980 1588 1015 et
1615 988 1720 1015 vera

237 1035 450 1075 interiora
472 1042 517 1076 et
545 1036 787 1082 exteriora,
812 1034 888 1074 illa
910 1035 953 1074 in
977 1034 1198 1087 spirituali
1221 1049 1299 1075 seu
1322 1036 1500 1076 interno
1522 1036 1718 1085 homine,

236 1097 348 1138 haec
375 1098 417 1138 in
446 1097 636 1138 naturali
663 1111 740 1138 seu
766 1104 974 1144 externo,
1003 1103 1213 1139 constare
1236 1104 1389 1151 potest
1416 1112 1474 1139 ex
1497 1096 1582 1139 illis·
1605 1113 1718 1152 quae

235 1160 279 1200 in
306 1173 442 1213 opere
467 1160 533 1200 De
566 1159 695 1201 Caelo
724 1166 767 1200 et
794 1159 978 1211 Inferna
1009 1158 1128 1200 di6ta
1159 1167 1205 1201 et
1237 1167 1422 1201 ostensa
1454 1167 1571 1209 sunt,
1600 1161 1719 1215 quod

237 1235 399 1276 nempe
426 1223 515 1263 sint
549 1229 640 1263 tres
672 1222 800 1271 caeli,
829 1229 874 1263 et
907 1222 1026 1276 quod
1058 1223 1265 1263 intimum
1298 1237 1375 1264 seu
1407 1224 1589 1264 tertium
1616 1237 1719 1265 cae-

237 1285 327 1325 lum
351 1286 408 1326 sit
436 1286 478 1325 in
506 1286 634 1326 bonis
657 1292 702 1326 et
726 1285 841 1326 veris
868 1285 1037 1326 intimis
1062 1299 1140 1326 seu
1165 1286 1285 1326 tertii
1307 1286 1487 1339 gradus,
1511 1286 1719 1340 quodque

237 1349 433 1389 medium
459 1362 536 1388 seu
563 1348 808 1388 secundum
837 1347 1011 1388 caelum
1038 1348 1096 1389 sit
1127 1349 1170 1388 in
1197 1349 1327 1389 bonis
1352 1354 1398 1389 et
1425 1349 1540 1389 veris
1571 1348 1718 1389 inferi·

235 1413 383 1453 oribus
416 1426 493 1452 seu
526 1412 707 1452 secundi
740 1412 919 1464 gradus,
953 1418 999 1452 et
1031 1412 1149 1465 quod
1181 1411 1387 1452 ultimum
1419 1425 1497 1454 seu
1528 1412 1717 1465 primum

235 1474 410 1515 caelum
434 1475 491 1514 sit
515 1475 557 1514 in
581 1474 708 1514 bonis
732 1480 777 1514 et
796 1474 911 1514 veris
935 1473 1102 1514 ultimis
1120 1487 1198 1514 seu
1222 1475 1350 1527 primi
1371 1474 1548 1527 gradus.
1592 1474 1718 1514 Bona

235 1544 281 1578 et
313 1551 419 1578 vera
450 1537 609 1577 ultima
640 1550 717 1577 seu
753 1537 881 1590 primi
913 1537 1078 1589 gradus
1110 1543 1213 1578 sunt
1250 1537 1397 1590 qualia
1429 1537 1720 1578 continentur

235 1601 279 1641 in
306 1613 439 1641 sensu
466 1599 644 1640 litterae
672 1599 840 1651 Verbi3
873 1606 1146 1653 quapropter
1171 1601 1244 1654 qui
1276 1601 1319 1640 in
1351 1600 1429 1640 illo
1458 1613 1591 1641 sensu
1623 1612 1718 1640 ma-

237 1670 361 1712 nent,
389 1670 436 1704 et
467 1663 570 1704 inde
602 1663 769 1703 faciunt
802 1663 883 1703 sibi
915 1661 1179 1712 doctrinam,
1204 1669 1250 1704 et
1281 1664 1437 1704 vivunt
1471 1662 1716 1704 secundum

234 1726 372 1775 illam,
411 1727 454 1767 in
497 1726 626 1766 bonis
663 1732 709 1767 et
746 1726 862 1766 veris
899 1725 1067 1767 ultimis
1105 1732 1233 1767 sunt:
1278 1725 1341 1766 illi
1377 1726 1588 1780 quoniam
1626 1738 1716 1766 non

234 1790 390 1831 vident
422 1789 650 1837 interiora,
679 1803 737 1829 ex
771 1788 905 1829 causa
936 1789 1055 1842 quod
1088 1802 1178 1829 non
1209 1803 1316 1842 pure
1348 1788 1602 1841 spirituales
1628 1789 1717 1829 sint

233 1854 348 1895 sicut
371 1852 522 1906 angeli
545 1853 819 1905 superiorum
843 1852 1084 1901 caelorum,
1103 1852 1182 1895 sed
1197 1851 1451 1905 spirituales
1473 1851 1715 1900 naturales,

234 1929 372 1970 usque
394 1916 437 1956 in
461 1915 588 1956 caelo
611 1921 715 1956 sunt
742 1915 822 1956 sed
848 1916 891 1955 in
915 1915 1100 1966 ultimo;
1133 1928 1237 1955 nam
1260 1915 1378 1955 bona
1404 1921 1450 1955 et
1472 1928 1578 1955 vera
1603 1928 1716 1968 quae

233 1978 478 2019 hauserunt
501 1992 559 2019 ex
586 1991 719 2018 sensu
743 1978 921 2019 litterae
945 1977 1098 2026 Verbi,
1123 1984 1168 2018 et
1191 1983 1295 2018 sunt
1322 1977 1439 2031 apud
1462 1976 1578 2026 illos,
1602 1978 1646 2017 in
1669 1991 1717 2018 se

232 2041 404 2083 habent
430 2041 549 2082 bona
575 2047 621 2082 et
647 2055 754 2082 vera
779 2042 993 2082 interiora
1017 2054 1131 2094 quae
1157 2046 1261 2082 sunt
1288 2053 1446 2081 sensus
1472 2040 1715 2093 spiritualis

232 2104 386 2153 Verbi,
411 2104 766 2157 correspondent
789 2105 922 2152 enim,
942 2110 988 2145 et
1014 2117 1092 2157 per
1109 2103 1558 2156 correspondentiam
1580 2116 1715 2147 unum

232 2169 415 2210 faciunt.
488 2164 590 2207 [nsit
622 2180 701 2220 pro
733 2167 962 2220 exemplo,
995 2167 1069 2220 qui
1105 2180 1164 2207 ex
1197 2180 1330 2208 sensu
1363 2166 1545 2209 litterae
1577 2165 1717 2207 Verbi

232 2231 390 2278 credit,
414 2229 534 2283 quod
557 2229 678 2270 Deus
701 2230 930 2278 irascatur,
951 2229 1226 2271 condemnet
1249 2235 1295 2270 et
1318 2228 1497 2281 dejiciat
1521 2229 1565 2269 in
1582 2228 1714 2269 infer-

231 2307 337 2337 num
363 2292 465 2334 illos
491 2293 563 2346 qui
596 2292 713 2333 male
739 2293 896 2333 vivunt
914 2307 923 2343 ;
956 2292 1042 2334 hoe
1074 2292 1259 2335 tametsi
1289 2292 1333 2335 in
1365 2305 1412 2332 se
1444 2304 1534 2332 non
1561 2305 1714 2332 verum

230 2363 316 2405 est,
343 2356 555 2409 quoniam
582 2355 703 2396 Deus
730 2369 949 2409 nusquam
975 2355 1192 2404 irascitur,
1221 2367 1303 2398 nec
1327 2354 1605 2398 condemnat
1631 2354 1714 2395 ho-

231 2420 398 2460 minem
424 2424 470 2459 et
496 2417 647 2470 dejicit
673 2418 717 2458 in
743 2418 976 2466 infernum,
1004 2431 1143 2471 usque
1169 2423 1323 2460 tamen
1349 2416 1436 2459 hoc
1463 2416 1583 2470 apud
1613 2415 1715 2459 illos

230 2482 303 2535 qui
329 2481 444 2521 bene
470 2481 640 2529 vivunt,
669 2486 715 2520 et
741 2481 805 2521 ita
831 2480 1022 2522 credunt
1048 2480 1151 2533 quia
1175 2478 1377 2522 Verbum
1402 2479 1448 2520 in
1473 2478 1627 2521 littera
1652 2479 1714 2521 sic

230 2545 353 2592 dicit,
379 2557 405 2584 a
428 2542 627 2583 Domino
649 2549 914 2596 acceptatur
936 2549 984 2583 ut
1001 2555 1170 2591 verum,
1188 2542 1401 2595 quoniam
1418 2554 1573 2584 verum
1594 2542 1715 2586 intus
1748 2580 1755 2587 ,

229 2608 274 2647 in
300 2620 355 2647 eo
386 2605 516 2654 latet,
545 2605 665 2658 quod
696 2606 832 2646 etiam
865 2611 995 2658 patet
1027 2617 1179 2646 coram
1210 2603 1385 2657 angelis
1415 2604 1712 2653 interioribus,

230 2669 416 2711 tametsi
446 2669 529 2721 ipsi
561 2668 604 2708 id
636 2681 726 2708 non
758 2668 928 2709 vident.
1001 2667 1068 2708 Sit
1099 2667 1237 2708 etiam
1268 2680 1349 2720 pro
1380 2666 1608 2720 exemplo,
1641 2668 1714 2721 qui

229 2733 372 2775 credit
409 2731 527 2785 quod
566 2730 814 2784 longaevus
851 2730 928 2772 fiet
967 2732 1003 2771 si
1039 2736 1162 2771 amat
1203 2735 1379 2783 patrem
1421 2736 1467 2771 et
1504 2736 1710 2779 matrem,

229 2794 476 2835 secundum
495 2799 786 2847 praeceptum
805 2793 1013 2847 decalogi
1030 2807 1039 2843 ;
1067 2806 1119 2834 ac
1142 2793 1177 2834 si
1198 2798 1322 2834 amat
1339 2792 1440 2833 illos
1458 2799 1710 2846 propterea.

228 2863 276 2898 et
298 2857 414 2898 bene
431 2857 556 2904 vivit,
577 2856 612 2898 is
635 2862 900 2909 acceptatur
917 2856 1122 2897 similiter
1139 2857 1253 2897 sicut
1276 2855 1541 2896 credidisset
1562 2856 1706 2908 'ipsum

227 2932 395 2968 verum,
420 2919 563 2959 nescit
589 2919 708 2959 enim
735 2919 853 2972 quod
880 2932 958 2972 per
982 2922 1196 2972 “patrem
1219 2924 1263 2959 et
1292 2924 1483 2958 matrem
1497 2918 1516 2933 '¹
1538 2918 1704 2959 intelli·
