2008 3432
277 372 360 415 668
692 380 1025 414 APOCALYPSIS
1056 379 1356 414 EXPLICATA.

279 494 397 549 apud
434 500 621 547 gentes:
665 494 784 548 quod
823 500 930 535 tunc
967 492 1075 534 nihil
1116 492 1335 535 ecclesiae
1370 493 1594 535 residuum
1635 494 1768 536 fuerit

279 558 397 611 apud
439 557 648 610 Judaeos‚
691 557 955 597 describitur
999 570 1077 609 per
1119 556 1438 597 “Exscindam
1483 570 1658 598 currum
1704 570 1765 598 ex

281 620 539 673 Ephraimo,
564 626 609 660 et
632 633 793 673 equum
817 633 874 660 ex
900 617 1232 672 Hierosolyma,
1257 625 1302 660 et
1328 620 1619 661 exscindetur
1640 633 1767 661 arcus

278 682 384 723 belli
402 681 435 733 ;”
467 696 545 735 per
576 696 688 735 quae
721 681 997 734 significatur
1028 681 1148 734 quod
1184 681 1374 735 amplius
1411 695 1501 723 non
1532 695 1686 723 verum
1722 681 1767 722 in

279 743 495 794 doctrina,
523 758 604 786 nec
631 743 886 785 intellthus
909 745 1013 791 veri,
1037 750 1083 785 et
1109 744 1212 785 inde
1239 744 1361 786 nulla
1386 758 1538 798 pugna
1562 752 1608 787 et
1634 745 1767 786 resis-

279 809 423 849 tentia
444 815 603 848 contra
624 807 781 848 falsum
800 821 809 857 ;
842 821 920 860 per
945 811 968 827 “
982 806 1305 860 Ephraimum'’
1322 806 1599 860 significatur
1620 807 1767 849 eccle-

279 872 343 911 sia
364 871 511 925 quoad
533 869 813 911 intelle&um
836 871 941 918 veri,
960 876 1007 910 et
1029 883 1107 923 per
1126 873 1151 890 ‘⁸
1166 869 1528 924 Hierosolymam
1541 870 1560 886 ’'
1577 870 1769 912 ecclesia

279 934 425 987 quoad
452 932 701 974 doctrinam
729 934 834 981 veri,
862 946 939 986 per
967 937 1179 973 “currum
1192 931 1211 947 ”
1236 933 1332 986 ipsa
1363 931 1581 982 doctrina,
1609 940 1655 974 et
1687 947 1768 987 per

281 996 513 1050 ‘ssequum”
538 997 632 1049 ipse
664 994 934 1043 intelleftus,
967 1008 1018 1036 ac
1052 1008 1130 1048 per
1153 999 1342 1036 “arcum
1374 995 1479 1036 belli
1493 995 1510 1010 ”
1537 1009 1688 1049 pugna
1719 1002 1766 1037 et

279 1059 534 1099 resistentia
552 1065 709 1099 contra
726 1058 882 1098 salsum
900 1071 908 1098 :
943 1058 1208 1099 instauratio
1226 1058 1443 1100 ecclesiae
1465 1059 1582 1112 apud
1604 1066 1768 1112 gentes

281 1121 557 1175 significatur
601 1135 679 1175 per
723 1121 842 1174 quod
885 1120 1131 1174 “loquetur
1175 1134 1331 1175 pacem
1376 1122 1588 1174 gentibus
1606 1121 1639 1172 ;’‘
1689 1135 1768 1175 per

282 1189 481 1238 “gentes
492 1184 511 1199 ”
533 1183 840 1237 significantur
862 1197 1020 1224 omnes
1045 1184 1118 1237 qui
1143 1184 1187 1224 in
1213 1183 1333 1225 bono
1358 1185 1521 1225 amoris
1542 1185 1585 1225 in
1610 1184 1768 1225 Domi-

281 1259 387 1286 num
417 1252 523 1287 sunt
554 1257 712 1295 (videatur
730 1265 835 1293 supra,
855 1265 886 1285 n.
910 1256 1022 1297 331),
1051 1249 1183 1299 “pax
1195 1244 1216 1260 '’
1245 1245 1474 1298 significat
1504 1245 1549 1285 id
1580 1245 1765 1295 bonum,

280 1312 327 1346 et
352 1306 457 1346 inde
484 1307 634 1346 omnia
660 1305 896 1345 ecclesiae.
956 1315 1069 1353 (Quod
1084 1312 1102 1324 '⁸
1115 1315 1265 1353 Ephraim
1277 1315 1294 1325 ''
1310 1315 1465 1353 significet
1479 1316 1646 1344 ecclesiam
1661 1316 1770 1353 quoad

279 1364 475 1393 intellectum
497 1364 570 1398 veri,
593 1365 736 1392 videatur
756 1364 787 1392 in
810 1363 950 1392 Arcanis
969 1363 1164 1398 Caelestibus,
1181 1372 1212 1393 n.
1228 1363 1317 1401 3969,
1334 1371 1422 1401 5354,
1438 1364 1527 1398 6222,
1543 1364 1634 1401 6234,
1646 1362 1768 1402 [¹]6237,

279 1410 368 1446 6267,
384 1410 480 1446 6296;
510 1414 540 1438 et
554 1410 642 1446 quod
658 1412 674 1422 ¹¹
688 1409 911 1446 Hierosolyma
921 1408 937 1417 '⁸
954 1407 1108 1446 significet
1122 1408 1285 1438 ecclesiam
1304 1409 1412 1445 quoad
1434 1408 1623 1443 doeh-inam,
1639 1409 1670 1437 in
1686 1409 1771 1438 Doc-

280 1459 368 1488 trina
380 1460 491 1489 Novae
505 1459 746 1496 Hierosolymae,
763 1467 793 1487 n.
807 1459 842 1493 6;
867 1463 898 1487 et
912 1467 1018 1496 supra,
1031 1467 1062 1488 n.
1077 1457 1186 1500 223.)
1242 1447 1382 1500 Apud
1409 1447 1620 1496 eundem,

349 1543 372 1557 ‘⁴
384 1541 426 1574 In
443 1542 500 1574 die
518 1541 595 1573 illo.
609 1566 616 1573 .
631 1566 638 1573 .
653 1541 859 1581 ‚percutiam
879 1551 1024 1572 omnem
1038 1550 1166 1582 equum
1184 1546 1340 1582 stupore,
1360 1547 1395 1572 et
1419 1541 1571 1582 equitem
1590 1541 1769 1581 amentia3

454 1591 490 1617 et
513 1595 619 1626 super
642 1586 787 1616 domum
812 1585 970 1626 Jehudae
994 1585 1152 1626 aperiam
1176 1585 1317 1616 oculum
1336 1595 1467 1623 meum,
1487 1594 1632 1616 omnem
1649 1591 1768 1617 autem

454 1638 582 1670 equum
601 1629 810 1669 populorum
829 1629 1022 1668 percutiam
1040 1628 1207 1660 caecitate
1219 1627 1238 1640 ’'
1254 1628 1326 1668 (xii.
1342 1630 1377 1668 4)
1391 1638 1398 1660 :

281 1724 428 1778 agitur
452 1724 511 1764 ibi
537 1723 592 1764 de
619 1723 933 1764 devastatione
956 1723 1174 1765 ecclesiae
1199 1723 1370 1777 prioriS,
1395 1729 1440 1764 et
1467 1724 1523 1764 de
1545 1724 1767 1765 instaura-

281 1789 405 1829 tione
437 1800 608 1837 novae;
651 1786 906 1827 devastatio
942 1786 1159 1828 ecclesiae
1195 1787 1352 1840 prioris
1384 1786 1650 1827 describitur
1691 1800 1770 1840 per

283 1851 373 1891 “In
399 1850 470 1891 die
496 1849 574 1890 illo
600 1850 846 1902 percutiam
870 1862 1051 1890 omnem
1077 1862 1238 1903 equum
1266 1855 1463 1902 stupore,
1493 1856 1538 1890 et
1570 1850 1768 1902 equitem

281 1914 491 1962 amentia,
508 1920 553 1953 et
573 1926 752 1952 omnem
772 1926 931 1965 equum
951 1912 1215 1966 populorum
1231 1913 1477 1965 percutiam
1496 1913 1717 1952 caecitate
1735 1910 1769 1963 ;”

281 1976 400 2029 quod
437 1989 514 2029 per
547 1979 747 2028 “equum
762 1975 780 1989 ’'
817 1976 875 2015 ibi
914 1974 1190 2028 significetur
1225 1973 1483 2015 intellectus
1519 1975 1611 2015 veri
1651 1974 1769 2028 apud

281 2039 484 2080 homines
506 2038 737 2086 ecclesiae,
761 2044 807 2078 et
830 2052 907 2091 per
932 2039 1165 2092 “equitem
1177 2036 1197 2053 '‘
1218 2035 1394 2078 affectio
1416 2038 1507 2078 veri
1530 2037 1770 2091 spiritualis

281 2103 398 2143 unde
434 2099 702 2147 intellectus,
737 2109 890 2154 patet3
933 2102 1037 2154 quid
1074 2100 1237 2154 alioqui
1273 2100 1402 2149 foret,
1435 2100 1555 2153 quod
1594 2104 1771 2154 “equus

282 2171 587 2218 percuteretur
605 2170 800 2216 stupore,
821 2171 865 2204 et
885 2177 1023 2217 equus
1041 2163 1306 2217 populorum
1324 2161 1596 2203 caecitate''?
1626 2167 1651 2183 “
1665 2162 1770 2204 Stu-

281 2226 392 2280 por‘'
419 2227 578 2267 dicitur
605 2227 660 2266 de
692 2224 926 2267 inte11e5³cu
952 2227 1132 2280 quando
1164 2225 1286 2266 nulla
1317 2226 1356 2266 ei
1387 2226 1618 2278 perceptio
1649 2225 1769 2274 boni,

282 2303 333 2331 ac
368 2288 635 2330 “caecitas'’
667 2289 723 2329 de
759 2288 838 2329 illo
874 2290 1055 2342 quando
1095 2289 1134 2330 ei
1171 2288 1292 2329 nulla
1328 2288 1619 2341 apperceptio
1650 2288 1769 2338 veri;

282 2367 360 2406 per
387 2352 607 2392 “domum
631 2351 863 2404 Jehudae”
889 2351 1164 2405 significatur
1195 2350 1385 2392 ecclesia
1416 2351 1533 2404 apud
1564 2350 1666 2390 illos
1697 2350 1770 2403 qui

282 2417 326 2456 in
366 2416 487 2456 bono
531 2415 694 2454 amoris
731 2414 774 2454 in
817 2414 1060 2455 Dominum
1101 2421 1219 2464 sunt,
1257 2420 1302 2454 et
1343 2414 1446 2454 inde
1482 2414 1525 2453 in
1567 2411 1771 2453 doctrina

282 2477 376 2516 veri
404 2489 463 2516 ex
489 2474 647 2515 Verbo
673 2485 831 2524 (videatur
845 2495 949 2523 supra,
962 2495 994 2517 n.
1014 2486 1243 2528 119‚211);
1279 2488 1417 2528 quare
1442 2474 1621 2522 dicitur,
1647 2472 1770 2513 “Su-

282 2552 361 2592 per
396 2537 517 2578 illam
554 2537 749 2590 aperiam
787 2537 964 2578 oculum
1001 2536 1189 2586 meum‚’'
1224 2550 1301 2590 per
1336 2536 1456 2590 quod
1496 2534 1772 2589 significatur

242 2628 250 2636 ·
282 2601 503 2642 illustrare
529 2607 577 2640 ut
603 2600 786 2640 videant
811 2614 929 2640 vera.
989 2600 1127 2654 Apud
1153 2599 1358 2648 eundem,

350 2700 426 2732 “In
450 2699 512 2784 die)
530 2699 592 2731 illo
615 2699 682 2731 erit
700 2709 807 2740 super
823 2699 1074 2738 tintinnabulis
1098 2710 1270 2742 equorum
1294 2697 1466 2731 sanctitas
1481 2697 1668 2741 Jehovae”
1685 2697 1770 2738 (xiv.

457 2751 500 2775 20
525 2754 532 2775 :

283 2831 430 2883 agitur
452 2830 589 2870 etiam
611 2829 670 2869 ibi
692 2829 747 2869 de
769 2828 969 2870 adventu
992 2830 1188 2880 Domini,
1213 2836 1259 2871 et
1281 2829 1549 2870 invitatione
1572 2827 1772 2868 omnium

283 2893 340 2933 ad
366 2892 616 2940 ecclesiam,
644 2905 695 2932 ac
722 2905 800 2945 per
827 2893 1168 2934 “tintinnabula
1193 2905 1407 2947 equorum
1421 2891 1440 2907 ”
1462 2889 1772 2944 significantur

283 2954 528 2996 scientifica
555 2961 601 2995 et
627 2954 911 3007 cognitiones
933 2968 984 2996 ac
1007 2956 1110 2997 inde
1133 2955 1504 3009 praedicationes,
1528 2966 1642 3007 quae
1667 2957 1771 2992 sunt

284 3031 343 3058 ex
374 3015 608 3059 intellectu
639 3018 759 3069 veri3
802 3024 848 3058 et
879 3019 982 3071 quia
1012 3019 1157 3059 omnis
1188 3015 1447 3059 intelleEtus
1480 3016 1573 3057 veri
1605 3021 1676 3057 est
1711 3027 1773 3056 ex

1998 3011 1999 3014 Α
2001 2771 2008 2948 ———-.›....,—..-
2004 2743 2008 2759 .„.
2006 2715 2008 2727 .„
2004 2682 2008 2705 ...
2002 2661 2008 2673 m
2004 2627 2008 2654 --.
2006 2602 2008 2613 ..
2004 2526 2008 2590 2,.2..
2003 2486 2008 2504 ‚a
