2008 3360
645 358 768 412 *cm-³.
790 358 911 399 vm„
934 357 1074 390 VERs.
1100 356 1246 401 3.—N.
1268 358 1366 401 493.
1657 357 1763 402 1217

263 474 399 515 trium
431 472 674 514 caelorum.
736 471 812 513 Ex
843 471 913 512 his
944 484 1062 512 nunc
1095 476 1309 512 constare
1345 475 1501 524 potest
1533 469 1639 524 quid
1671 469 1764 523 sig-

264 535 419 578 nificat
441 535 562 590 quod
585 536 706 576 visus
729 536 788 576 sit
811 533 1002 588 angelus
1024 533 1082 575 ad
1104 533 1264 582 altare,
1289 532 1464 573 habens
1487 531 1765 573 thuribulum

264 612 464 647 aureum,
481 602 507 618 “
519 597 665 639 altare
677 598 828 639 ”enim
843 603 942 639 erat
956 596 1398 651 repraesentativum
1412 595 1519 635 boni
1537 594 1763 642 caelestis,

263 667 312 704 et
359 666 384 682 ‘⁴
403 661 684 703 thuribulum
702 660 722 676 ”
766 660 1210 714 repraesentativum
1259 658 1367 699 boni
1411 657 1670 711 spiritualis,
1718 663 1765 698 et

264 731 504 778 utrumque
536 723 669 764 simul
700 723 1143 777 repraesentativum
1170 719 1501 774 conjunctionis
1529 719 1636 760 boni
1662 733 1766 761 cae-

265 787 394 829 lestis
411 800 513 828 cum
531 787 654 828 bono
665 786 887 840 spirituali
904 800 913 837 ;
942 799 1020 826 seu
1038 784 1159 839 quod
1177 784 1312 841 idem,
1325 783 1766 837 repraesentativum

264 848 595 904 conjunctionis
632 849 860 890 caelorum
900 848 1195 902 superiorum,
1235 850 1314 888 se'u
1352 845 1466 887 caeli
1504 846 1578 886 ubi
1614 845 1767 899 angeli

264 913 490 955 caelestes
513 926 615 954 cum
642 912 772 953 caelo
798 912 873 952 ubi
898 910 1051 964 angeli
1077 909 1349 964 spirituales.

281 992 286 1003 ·
343 985 478 1030 492.
516 975 605 1015 “ft
635 974 725 1014 dati
752 977 851 1015 sunt
874 972 936 1013 illi
966 972 1127 1014 suffitus
1154 970 1504 1023 multi.''—Quod
1540 968 1767 1022 significet

265 1051 374 1078 vera
404 1037 449 1078 in
474 1036 765 1084 abundantia,
794 1041 980 1076 constat
1007 1048 1067 1075 ex
1093 1032 1428 1087 significatione
1457 1030 1768 1080 “suffituum‚”

265 1100 387 1154 quod
415 1101 505 1141 sint
528 1113 636 1141 vera
660 1099 767 1140 boni
794 1096 1066 1152 spiritualis;
1098 1103 1145 1138 et
1172 1110 1232 1137 ex
1256 1094 1589 1149 significatione
1614 1093 1767 1135 “mul-

266 1162 458 1212 torum,”
484 1162 606 1217 quod
638 1163 697 1203 sit
729 1161 1012 1202 abundantia
1036 1172 1260 1208 verorum,
1294 1158 1541 1199 multitudo
1573 1157 1692 1198 enim
1723 1157 1768 1197 in

267 1225 425 1267 Verbo
447 1226 734 1280 praedicatur
756 1224 813 1265 de
835 1225 967 1272 veris,
991 1229 1038 1264 et
1062 1222 1334 1275 magnitudo
1355 1221 1412 1262 de
1434 1221 1569 1261 bono.
1633 1219 1768 1273 Quod

270 1288 484 1330 “suffitus
496 1287 517 1303 '’
543 1287 801 1341 significent
828 1300 949 1334 vera,
977 1291 1048 1327 est
1074 1286 1179 1339 quia
1205 1298 1283 1338 per
1309 1283 1561 1324 suffitiones
1587 1296 1768 1336 reprae-

267 1352 537 1393 sentabatur
563 1351 713 1392 cultus
739 1364 799 1391 ex
825 1349 948 1390 bono
974 1347 1211 1402 spirituali,
1239 1353 1286 1388 et
1314 1360 1393 1400 per
1421 1346 1568 1387 “thus
1581 1345 1600 1360 ”
1628 1345 1768 1398 signi-

268 1413 488 1456 ficabatur
513 1414 557 1455 id
584 1414 768 1461 bonum,
797 1418 846 1453 ut
873 1413 918 1452 in
944 1411 1161 1465 superiori
1186 1409 1380 1451 articulo
1406 1415 1643 1450 ostensum
1670 1414 1767 1459 est;

268 1478 374 1519 inde
411 1491 491 1532 per
527 1476 703 1518 suffitus
741 1490 800 1517 ex
839 1474 971 1516 thure
1009 1472 1474 1527 repraesentabantur
1512 1485 1628 1526 quae
1665 1471 1770 1512 inde

268 1542 538 1595 procedunt,
563 1547 609 1581 et
632 1553 747 1593 quae
770 1538 1024 1592 procedunt
1042 1550 1102 1577 ex
1124 1535 1204 1577 illo
1226 1536 1348 1576 bono
1371 1541 1476 1576 sunt
1498 1548 1631 1585 vera;
1665 1547 1769 1574 nam

196 1617 203 1618 ’
268 1604 314 1645 id
347 1604 517 1645 bonum
549 1604 727 1656 cogitat
759 1601 836 1642 illa
868 1608 915 1641 et
948 1599 1146 1654 loquitur
1177 1598 1269 1648 illa,
1304 1598 1390 1639 hoc
1423 1604 1509 1646 est,
1538 1597 1678 1638 homo
1709 1610 1769 1638 ex

268 1666 348 1708 illo
383 1667 518 1708 bono.
581 1666 668 1706 Est
708 1665 848 1706 etiam
890 1663 1059 1704 bonum
1096 1660 1330 1716 spirituale
1370 1661 1614 1701 formatum
1650 1659 1770 1713 apud

268 1729 501 1771 hominem
543 1743 621 1783 per
661 1741 793 1778 vera;
840 1739 945 1766 nam
986 1738 1141 1766 verum
1182 1724 1302 1778 apud
1343 1723 1470 1764 illum
1510 1722 1560 1764 fit
1601 1723 1770 1763 bonum

268 1790 505 1844 spirituale
527 1789 712 1844 quando
734 1789 770 1828 is
790 1788 902 1828 vivit
924 1786 1176 1827 secundum
1199 1784 1326 1832 illud,
1345 1784 1555 1825 videatur
1571 1797 1707 1838 supra
1725 1794 1770 1831 (n.

266 1851 450 1903 458[a]);
487 1856 534 1890 et
567 1848 689 1903 quod
722 1849 784 1888 sic
818 1847 989 1887 bonurn
1023 1844 1256 1899 spirituale
1290 1844 1347 1885 sit
1379 1845 1423 1884 in
1457 1857 1536 1884 sua
1567 1843 1770 1884 essentia

268 1923 426 1950 verum
450 1921 558 1958 (etiam
574 1928 681 1957 supra,
697 1927 728 1948 n.
747 1906 954 1959 376[a,b‚e])
972 1919 982 1956 3
1009 1904 1090 1945 sed
1113 1904 1170 1944 de
1191 1903 1497 1944 suffitionibus
1520 1908 1567 1943 et
1588 1902 1769 1943 illarum

269 1969 622 2022 significatione,
646 1967 797 2008 actum
823 1972 893 2006 est
920 1978 1055 2018 supra
1082 1974 1127 2013 (n.
1146 1974 1257 2016 324),
1285 1976 1400 2017 quae
1424 1963 1680 2003 videantur.

349 2039 488 2083 493·
527 2034 550 2052 “
569 2029 618 2070 m
646 2029 767 2068 dar-et
794 2025 989 2079 precibus
1016 2028 1255 2065 sanctor-um
1284 2023 1456 2063 omnium
1484 2035 1610 2075 supet·
1637 2023 1772 2062 altae-o

270 2103 441 2130 aureum
471 2089 578 2142 quod
603 2101 744 2129 cot-am
773 2084 1152 2137 throno.''——Quod
1178 2082 1404 2136 significet
1429 2082 1772 2137 conjunc‘Jz‘onem

268 2150 488 2191 caelorum
508 2164 604 2191 cum
625 2149 717 2190 illis
749 2147 829 2201 qui
854 2145 1105 2199 separandi
1124 2159 1152 2185 a
1182 2144 1316 2185 malis
1337 2150 1380 2184 et
1407 2143 1632 2191 salvandi,
1660 2156 1770 2184 con-

270 2219 364 2254 stat
387 2227 447 2254 ex
466 2211 798 2266 significatione
817 2213 842 2230 “
855 2210 963 2250 dare
981 2207 1156 2248 suffitus
1175 2206 1422 2261 precibus,‘'
1439 2206 1561 2260 quod
1584 2207 1642 2246 sit
1660 2218 1770 2246 con-

264 2275 454 2329 jungere
481 2275 650 2316 bonum
672 2273 901 2315 caelorum
923 2271 1201 2324 superiorum
1227 2283 1307 2323 per
1327 2282 1434 2310 vera
1456 2282 1558 2310 cum
1584 2267 1671 2309 illis
1697 2268 1771 2322 qui

269 2337 315 2377 in
337 2336 462 2378 cultu
484 2342 591 2376 sunt
613 2349 673 2375 ex
695 2334 819 2374 bono
840 2331 1066 2385 spirituali
1088 2341 1144 2379 (de
1163 2349 1228 2378 qua
1241 2340 1398 2379 sequitur)
1416 2344 1426 2380 ;
1458 2343 1518 2370 ex
1540 2328 1770 2382 significa·

270 2397 396 2437 tione
410 2400 435 2416 “
448 2393 707 2437 sanctorum
723 2391 963 2440 omnium,”
974 2391 1095 2444 quod
1110 2391 1201 2431 sint
1217 2390 1364 2444 iniqui
1378 2391 1422 2431 in
1437 2389 1558 2430 bono
1573 2395 1677 2430 sunt
1693 2402 1771 2442 per

270 2470 393 2506 vera,
413 2457 478 2498 ita
494 2456 569 2510 qui
590 2457 634 2496 in
656 2455 780 2495 bono
802 2452 1054 2506 spirituali3
1080 2451 1202 2504 quod
1224 2450 1289 2491 illi
1313 2449 1527 2491 “sancti”
1545 2450 1768 2496 dicantur,

269 2516 481 2558 videatur
503 2529 639 2569 supra
662 2525 707 2562 (n.
724 2523 823 2563 204)
841 2526 850 2562 ;
881 2517 928 2552 et
949 2525 1010 2552 ex
1032 2509 1367 2563 significatione
1387 2510 1585 2550 “altaris
1607 2508 1771 2556 aurei,''

270 2577 392 2631 quod
419 2578 478 2619 sit
501 2576 678 2618 caelum
701 2574 774 2615 ubi
800 2573 970 2614 bonum
992 2571 1239 2626 spirituale,
1263 2571 1308 2612 id
1330 2571 1450 2612 enim
1472 2570 1616 2611 altare
1639 2583 1771 2622 super

270 2653 360 2693 quo
377 2638 547 2680 fiebant
565 2636 740 2678 suffitus
757 2634 1008 2676 vocabatur
1028 2636 1054 2653 ‘⁴
1066 2632 1212 2674 altare
1229 2645 1412 2673 aureum
1431 2631 1465 2683 ;”
1487 2638 1534 2673 et
1553 2645 1612 2672 ex
1630 2631 1770 2683 signi-

270 2701 483 2743 ficatione
512 2704 704 2741 “coram
731 2695 938 2745 throno,’'
964 2695 1086 2750 quod
1117 2696 1176 2736 sit
1203 2692 1460 2747 conjunctio
1486 2706 1586 2734 cum
1613 2692 1769 2743 caelo;

271 2764 392 2818 quod
417 2767 555 2805 “esse
581 2774 735 2803 coram
761 2758 960 2800 throno”
983 2757 1208 2811 significet
1240 2755 1603 2810 conjunctionem
1629 2754 1769 2803 illam,

271 2825 483 2866 videatur
521 2835 659 2876 supra
690 2832 735 2870 (n.
759 2819 856 2871 462.
875 2828 973 2871 477,
994 2818 1144 2871 [¹¹489).
1217 2817 1355 2871 Quod
1394 2831 1474 2871 per
1512 2815 1591 2856 illa
1628 2815 1771 2856 verba

272 2884 550 2939 significetur
576 2880 834 2935 conjunffio
859 2879 1088 2921 caelorum
1114 2891 1216 2920 cum
1248 2878 1336 2920 illis
1367 2879 1441 2932 qui
1473 2876 1712 2930 separandi
1744 2888 1771 2916 a

273 2946 404 2988 malis
430 2954 477 2988 et
505 2945 711 2987 salvandi
737 2949 858 2992 sunt,
886 2949 1099 2983 constare
1125 2947 1281 2995 potest
1312 2954 1372 2982 ex
1400 2940 1513 2980 serie
1545 2950 1692 2979 rerum
1724 2937 1770 2978 in

273 3023 408 3052 sensu
433 3011 628 3058 interno,
656 3013 702 3049 et
729 3020 789 3047 ex
816 3018 939 3046 nexu
964 3004 1336 3046 antecedentium
1362 3014 1464 3044 cum
1496 3000 1566 3042 his
1592 3006 1639 3042 et
1665 3012 1768 3042 cum
