2008 3360
666 302 773 335 CAP.
795 303 874 344 v1.‚
898 304 1037 338 vERs.
1058 294 1206 337 6.—N.
1232 295 1406 351 374[d].
1699 307 1780 353 745

285 414 435 457 oleum
461 429 486 456 e
512 429 628 456 saxo
660 422 830 470 petrae,
857 417 1072 471 butyrum
1098 419 1366 460 armenti-et
1400 418 1468 460 lac
1501 421 1654 474 gregis
1681 434 1783 463 cum

278 478 417 532 ,adipe
439 491 659 532 agnorum
686 486 732 520 et
759 481 951 521 arietum
975 480 1167 522 filiorum
1190 480 1440 522 Baschanis
1466 489 1512 523 et
1540 483 1780 530 hircorum,

284 554 387 582 cum
401 541 534 595 adipe
548 555 704 582 renum
719 543 870 591 tritici,
885 549 931 584 et
946 544 1214 597 sanguinem
1228 557 1414 585 uvarum
1429 545 1544 586 bibis
1559 559 1730 590 merum
1749 547 1783 597 ;”

288 607 316 625 “
329 604 530 645 triticum
542 604 562 619 “
577 604 802 659 significat
821 606 880 647 ibi
897 607 940 647 in
959 620 1126 660 genere
1144 620 1279 648 omne
1296 607 1479 656 bonum,
1497 615 1542 649 et
1562 613 1586 629 “
1599 611 1783 663 sanguis

286 680 471 708 uvarum
483 666 502 682 ’³
520 681 572 708 ac
595 668 837 709 “merum'’
855 682 989 710 omne
1011 683 1165 711 verum
1188 670 1305 712 inde.
1368 669 1506 724 Apud
1525 671 1758 720 Davidem,

354 761 377 775 ‘⁸
389 760 538 792 Utinam
549 761 701 802 populus
713 771 814 795 meus
825 763 989 795 obediret
1002 762 1104 801 Mihi,
1119 769 1156 796 et
1173 763 1284 799 Israel
1301 763 1339 796 in
1350 764 1420 796 viis
1436 765 1526 796 meis
1538 765 1762 797 ambularent
1775 792 1783 803 ,

466 829 474 836 .
489 829 496 836 .
510 829 517 836 .
535 804 729 836 [¹1cibarem
754 816 817 837 eos
842 806 947 846 adipe
971 807 1093 844 tritici,
1113 813 1148 838 et
1171 817 1191 838 e
1215 813 1317 849 petra
1341 807 1448 842 melle
1472 814 1669 840 saturarem
1690 819 1753 841 eos
1764 810 1782 821 ''

460 848 535 888 (Ps.
549 848 658 881 lxxxi.
675 857 726 887 14,
743 857 782 888 17
802 847 861 891 [B.
875 851 921 882 A.
938 858 988 889 13,
1006 848 1095 892 16]):
1229 856 1233 859 “

285 950 363 990 per
388 937 604 991 “adipem
628 937 805 987 tritici,'‘
828 945 874 979 et
897 953 975 994 per
1000 939 1127 983 “mel
1154 954 1178 982 e
1204 939 1372 993 petra,‘’
1394 940 1554 994 quibus
1577 941 1781 982 cibaren-

284 1006 358 1044 tur
388 1006 434 1042 et
467 1007 791 1050 saturarentur,
823 1001 1101 1055 significatur
1131 1003 1300 1044 bonum
1332 1005 1478 1047 omnis
1511 1006 1690 1061 generis
1721 1019 1781 1047 ex

284 1063 405 1104 bono
431 1062 634 1113 caelesti,
663 1070 709 1106 et
737 1064 982 1117 jucundum
1010 1065 1102 1119 ejus
1128 1080 1154 1107 a
1186 1066 1398 1116 Domino,
1426 1081 1505 1124 per
1533 1068 1750 1122 “adipem
1763 1068 1782 1083 ”

284 1126 403 1170 enim
436 1126 715 1182 significatur
749 1128 917 1169 bonum
949 1129 1164 1179 caeleste,
1197 1144 1276 1185 per
1309 1131 1547 1172 “triticum
1563 1130 1582 1145 ”
1613 1130 1780 1171 bonum

284 1190 430 1230 omnis
453 1191 646 1243 generis,
672 1205 750 1245 per
775 1191 900 1232 “mel
915 1191 934 1206 ’'
951 1192 1197 1245 jucundum
1219 1193 1340 1242 boni,
1364 1200 1411 1234 et
1433 1208 1512 1247 per
1537 1193 1782 1247 “petram’'

284 1252 506 1294 Dominus
523 1268 532 1304 ;
560 1254 681 1307 quod
699 1254 810 1295 haec
830 1255 917 1295 illis
935 1257 971 1296 si
986 1256 1141 1297 vivant
1157 1256 1404 1297 secundum
1422 1264 1667 1310 praecepta
1686 1256 1780 1298 Do-

284 1316 406 1364 mini,
426 1316 698 1371 intelligitur
719 1332 797 1372 per
818 1318 1047 1360 “Utinam
1067 1319 1258 1375 populus
1281 1333 1406 1362 meus
1424 1321 1629 1362 obediret
1654 1321 1779 1370 Mihi,

283 1385 331 1420 et
357 1378 497 1420 Israel
523 1381 568 1421 in
590 1382 672 1422 viis
698 1382 809 1422 meis
835 1382 1120 1424 ambularent
1138 1382 1174 1434 ;’'
1202 1383 1338 1424 “viae
1350 1383 1370 1398 '’
1395 1384 1440 1424 in
1463 1383 1618 1427 Verbo
1641 1385 1780 1438 signi-

283 1440 421 1483 ficant
447 1457 554 1484 vera
579 1450 625 1484 et
652 1458 830 1498 quoque
857 1452 1116 1499 praecepta,
1144 1459 1195 1487 ac
1226 1446 1497 1488 “ambulare
1509 1446 1528 1462 ”
1554 1447 1780 1501 significat

283 1506 448 1547 vivere.
510 1506 650 1561 Apud
677 1508 886 1557 eundem,

354 1604 376 1616 ¹⁸
389 1602 522 1641 Lauda,
540 1603 810 1645 Hierosolyma,
824 1604 1001 1647 Jehovam
1016 1615 1023 1643 ;
1043 1606 1219 1644 collauda,
1232 1605 1334 1645 Zion,
1352 1606 1469 1639 Deum
1483 1614 1584 1640 tuum
1599 1617 1606 1645 ;
1627 1618 1712 1640 narn
1725 1608 1781 1640 fir-

458 1653 533 1678 mat
545 1646 667 1680 vectes
681 1655 865 1688 portarum
880 1655 1020 1680 tuarum
1035 1660 1042 1681 ε
1068 1649 1248 1681 benedicit
1264 1649 1346 1683 filiis
1362 1651 1434 1683 tuis
1452 1651 1490 1682 in
1507 1651 1628 1683 medio
1642 1651 1704 1689 tui,
1721 1652 1781 1692 qui

459 1691 561 1731 ponit
570 1691 767 1774 ›terminum
781 1699 880 1724 tuum
895 1702 1032 1733 pacem,
1047 1692 1151 1734 adipe
1162 1693 1363 1725 triticorum
1375 1695 1483 1726 satiat
1495 1702 1530 1726 te
1541 1694 1559 1706 '⁹
1570 1694 1644 1735 (Ps.
1658 1695 1778 1728 cxlvii.

461 1743 568 1775 12-14
587 1746 599 1767 .-

283 1832 362 1876 per
382 1825 408 1842 “
422 1821 791 1877 Hierosolymam
804 1824 824 1839 ‘’
841 1831 887 1865 et
909 1829 934 1844 ‘⁴
947 1822 1136 1867 Zionem
1150 1824 1170 1839 ”
1189 1825 1458 1879 intelligitur
1475 1827 1682 1874 ecclesia,
1703 1841 1781 1882 per

286 1888 311 1904 “
329 1884 697 1939 Hierosolymam
713 1887 731 1902 ’'
768 1887 961 1928 ecclesia
997 1888 1146 1943 quoad
1186 1902 1293 1929 vera
1328 1887 1574 1938 doetrinae,
1615 1897 1661 1931 et
1703 1904 1781 1944 per

285 1945 544 1989 “Zionem''
566 1949 760 1991 ecclesia
782 1950 930 2004 quoad
957 1950 1076 1991 bona
1102 1952 1294 2002 amoris;
1330 1953 1442 2006 “qui
1468 1954 1597 2006 ponit
1624 1954 1779 1995 termi-

284 2023 390 2051 num
416 2017 544 2052 tuum
570 2026 729 2067 pacem
742 2013 762 2028 '’
783 2013 1008 2067 significat
1031 2014 1182 2054 omnia
1203 2015 1322 2061 caeli,
1342 2022 1388 2056 et
1416 2008 1650 2064 ecclesiae,
1675 2030 1780 2056 nam

285 2075 542 2118 “terminus
554 2075 574 2090 '¹
596 2076 822 2129 significat
850 2077 1001 2117 omnia
1026 2076 1130 2127 illa;
1165 2078 1334 2132 “adipe
1361 2080 1614 2120 triticorum
1642 2080 1779 2120 satiat

282 2137 601 2191 te’¹signif1cat
625 2141 747 2180 omni
770 2140 891 2181 bono
913 2141 1077 2182 amoris
1099 2146 1146 2181 et
1169 2142 1405 2194 sapientia,
1428 2146 1453 2162 ‘⁴
1468 2143 1609 2196 adeps
1620 2142 1639 2157 '’
1661 2143 1780 2183 enim

283 2201 509 2258 significat
533 2202 701 2251 bonum
724 2204 903 2252 amoris,
928 2209 974 2244 et
1001 2203 1238 2247 “triticum
1251 2203 1270 2220 '’
1292 2206 1444 2246 omnia
1466 2219 1580 2261 quae
1603 2219 1662 2246 ex
1685 2204 1778 2253 illo,

283 2279 398 2321 quae
420 2266 523 2321 qnia
545 2280 604 2306 ex
631 2267 752 2307 bono
775 2273 879 2307 sunt
903 2267 1042 2307 etiam
1069 2267 1188 2307 bona
1210 2274 1314 2311 sunt
1334 2282 1342 2318 ;
1376 2269 1479 2323 quia
1505 2268 1617 2309 haec
1640 2269 1779 2322 signi-

282 2326 487 2377 ficantur,
515 2329 618 2370 ideo
644 2329 807 2370 dicitur
836 2329 1012 2383 “adeps
1040 2329 1330 2371 triticorum.”

367 2396 457 2451 [ὦ]
500 2397 640 2451 Apud
670 2397 935 2445 Hosclceam,

351 2497 374 2510 ⁴⁴
386 2494 487 2529 Dixit
505 2494 669 2538 Jehovah
681 2494 699 2506 ’¹
719 2494 763 2528 ad
788 2494 1012 2535 prophetam,
1035 2496 1058 2508 ‘¹
1070 2493 1199 2527 Denuo
1217 2495 1289 2533 abi,
1312 2505 1395 2528 arna
1414 2496 1603 2528 mulierem
1623 2503 1780 2528 amatam

457 2539 559 2571 socio
575 2545 611 2571 et
627 2538 902 2574 adulterantem,
921 2537 1023 2577 juxta
1038 2547 1201 2570 amorem
1217 2538 1378 2581 Jehovae
1397 2550 1484 2581 erga
1503 2540 1598 2572 filios
1619 2540 1776 2576 Israelis.

457 2588 494 2615 et
515 2582 552 2615 hi
577 2582 810 2622 respicientes
835 2581 879 2613 ad
904 2581 992 2612 deos
1008 2581 1112 2619 alios,
1134 2587 1170 2613 et
1189 2589 1354 2615 amantes
1378 2583 1528 2624 lagenas
1547 2593 1719 2616 uvarum:
1745 2589 1781 2615 et

457 2625 664 2666 comparavi
681 2635 761 2658 eam
779 2625 867 2659 mihi
885 2634 946 2664 per
963 2624 1166 2667 quindecim
1183 2626 1334 2669 argenti,
1351 2633 1387 2659 et
1403 2637 1528 2659 corum
1544 2627 1777 2664 hordeorum,

457 2676 494 2702 et
509 2669 725 2706 semicomm
742 2668 960 2701 hordeorum
971 2667 989 2679 ”
1006 2667 1070 2708 (iii.
1089 2677 1118 2708 1,
1135 2672 1187 2709 2):

282 2776 362 2816 per
396 2761 483 2804 hoc
517 2761 946 2816 repraesentabatur
982 2759 1190 2802 Ecclesia
1219 2762 1406 2815 Judaica
1443 2770 1489 2804 et
1530 2763 1780 2805 Israelitica

282 2825 426 2882 qualis
458 2831 555 2870 erat
587 2824 738 2880 quoad
771 2821 1022 2864 do&rinam
1055 2829 1101 2864 et
1133 2825 1320 2875 cultum,
1353 2827 1473 2880 quod
1506 2840 1668 2880 nempe
1700 2841 1779 2880 per

282 2889 553 2931 traditiones
578 2901 719 2930 vanas
751 2885 1054 2929 falsificaverit
1081 2890 1232 2930 omnia
1257 2889 1412 2938 Verbi,
1441 2892 1626 2931 tametsi
1658 2891 1702 2931 id
1728 2897 1777 2931 ut

282 2949 488 2993 sanetum
520 2951 786 3002 coluerunt;
828 2949 1028 2990 “mulier
1058 2958 1210 2992 amata
1243 2954 1366 2994 socio
1402 2960 1448 2994 et
1481 2953 1743 2994 adulterans
1758 2954 1778 2968 ’'
