<?xml version="1.0" encoding="UTF-8"?>
<!DOCTYPE html PUBLIC "-//W3C//DTD XHTML 1.0 Transitional//EN"
    "http://www.w3.org/TR/xhtml1/DTD/xhtml1-transitional.dtd">
<html xmlns="http://www.w3.org/1999/xhtml" xml:lang="en" lang="en">
 <head>
  <title>
</title>
<meta http-equiv="Content-Type" content="text/html;charset=utf-8" />
  <meta name='ocr-system' content='tesseract 3.04.00' />
  <meta name='ocr-capabilities' content='ocr_page ocr_carea ocr_par ocr_line ocrx_word'/>
</head>
<body>
  <div class='ocr_page' id='page_1' title='image "apocalypsisexpli02sweduoft_0095.png"; bbox 0 0 2008 3360; ppageno 0'>
   <div class='ocr_carea' id='block_1_1' title="bbox 673 262 1786 319">
    <p class='ocr_par' dir='ltr' id='par_1_1' title="bbox 673 262 1786 319">
     <span class='ocr_line' id='line_1_1' title="bbox 673 262 1786 319; baseline -0.002 -12"><span class='ocrx_word' id='word_1_1' title='bbox 673 273 779 307; x_wconf 83' lang='lat' dir='ltr'>CAP.</span> <span class='ocrx_word' id='word_1_2' title='bbox 802 273 882 315; x_wconf 65' lang='lat' dir='ltr'>vr,</span> <span class='ocrx_word' id='word_1_3' title='bbox 906 273 1043 307; x_wconf 83' lang='lat' dir='ltr'>VERs.</span> <span class='ocrx_word' id='word_1_4' title='bbox 1066 263 1214 306; x_wconf 82' lang='grc' dir='ltr'><strong>6.-Ν,</strong></span> <span class='ocrx_word' id='word_1_5' title='bbox 1239 274 1290 317; x_wconf 89' lang='lat'>37</span> <span class='ocrx_word' id='word_1_6' title='bbox 1296 262 1406 318; x_wconf 86' lang='lat' dir='ltr'>5[a].</span> <span class='ocrx_word' id='word_1_7' title='bbox 1702 275 1786 319; x_wconf 92' lang='lat'>747</span> 
     </span>
    </p>
   </div>
   <div class='ocr_carea' id='block_1_2' title="bbox 228 385 1784 1824">
    <p class='ocr_par' dir='ltr' id='par_1_2' title="bbox 228 385 1784 1824">
     <span class='ocr_line' id='line_1_2' title="bbox 292 385 1781 442; baseline 0.001 -15"><span class='ocrx_word' id='word_1_8' title='bbox 292 387 398 441; x_wconf 90' lang='lat' dir='ltr'>quid</span> <span class='ocrx_word' id='word_1_9' title='bbox 428 385 542 428; x_wconf 88' lang='lat' dir='ltr'>haec</span> <span class='ocrx_word' id='word_1_10' title='bbox 574 386 829 437; x_wconf 86' lang='lat' dir='ltr'>involvunt,</span> <span class='ocrx_word' id='word_1_11' title='bbox 862 393 993 442; x_wconf 89' lang='lat' dir='ltr'>patet</span> <span class='ocrx_word' id='word_1_12' title='bbox 1024 387 1261 429; x_wconf 82' lang='lat' dir='ltr'>manifeste</span> <span class='ocrx_word' id='word_1_13' title='bbox 1293 401 1352 428; x_wconf 88' lang='lat' dir='ltr'>ex</span> <span class='ocrx_word' id='word_1_14' title='bbox 1385 401 1518 428; x_wconf 88' lang='lat' dir='ltr'>sensu</span> <span class='ocrx_word' id='word_1_15' title='bbox 1550 388 1781 441; x_wconf 85' lang='lat' dir='ltr'><strong>spirituali,</strong></span> 
     </span>
     <span class='ocr_line' id='line_1_3' title="bbox 291 449 1784 505; baseline 0.001 -15"><span class='ocrx_word' id='word_1_16' title='bbox 291 463 396 491; x_wconf 90' lang='lat' dir='ltr'>nam</span> <span class='ocrx_word' id='word_1_17' title='bbox 438 449 617 503; x_wconf 85' lang='lat' dir='ltr'>singula</span> <span class='ocrx_word' id='word_1_18' title='bbox 653 450 712 491; x_wconf 90' lang='lat' dir='ltr'>ibi</span> <span class='ocrx_word' id='word_1_19' title='bbox 754 457 859 492; x_wconf 90' lang='lat' dir='ltr'>sunt</span> <span class='ocrx_word' id='word_1_20' title='bbox 901 451 1358 505; x_wconf 88' lang='lat' dir='ltr'>correspondentiae;</span> <span class='ocrx_word' id='word_1_21' title='bbox 1402 450 1624 491; x_wconf 90' lang='lat' dir='ltr'>Dominus</span> <span class='ocrx_word' id='word_1_22' title='bbox 1665 451 1784 491; x_wconf 91' lang='lat' dir='ltr'>enim</span> 
     </span>
     <span class='ocr_line' id='line_1_4' title="bbox 291 513 1782 567; baseline 0.001 -14"><span class='ocrx_word' id='word_1_23' title='bbox 291 525 393 554; x_wconf 91' lang='lat' dir='ltr'>cum</span> <span class='ocrx_word' id='word_1_24' title='bbox 414 514 459 554; x_wconf 90' lang='lat' dir='ltr'>in</span> <span class='ocrx_word' id='word_1_25' title='bbox 482 513 651 553; x_wconf 89' lang='lat' dir='ltr'>mundo</span> <span class='ocrx_word' id='word_1_26' title='bbox 673 513 752 554; x_wconf 86' lang='lat' dir='ltr'>fuit</span> <span class='ocrx_word' id='word_1_27' title='bbox 776 527 854 566; x_wconf 87' lang='lat' dir='ltr'>per</span> <span class='ocrx_word' id='word_1_28' title='bbox 875 527 1022 555; x_wconf 87' lang='lat' dir='ltr'>meras</span> <span class='ocrx_word' id='word_1_29' title='bbox 1045 514 1473 567; x_wconf 88' lang='lat' dir='ltr'>correspondentias</span> <span class='ocrx_word' id='word_1_30' title='bbox 1495 513 1678 554; x_wconf 87' lang='lat' dir='ltr'>locutus</span> <span class='ocrx_word' id='word_1_31' title='bbox 1697 520 1782 562; x_wconf 93' lang='lat' dir='ltr'>est,</span> 
     </span>
     <span class='ocr_line' id='line_1_5' title="bbox 290 575 1783 630; baseline 0 -14"><span class='ocrx_word' id='word_1_32' title='bbox 290 576 393 629; x_wconf 90' lang='lat' dir='ltr'>quia</span> <span class='ocrx_word' id='word_1_33' title='bbox 415 590 474 617; x_wconf 86' lang='lat' dir='ltr'>ex</span> <span class='ocrx_word' id='word_1_34' title='bbox 501 575 692 626; x_wconf 87' lang='lat' dir='ltr'>Divino;</span> <span class='ocrx_word' id='word_1_35' title='bbox 725 577 874 629; x_wconf 87' lang='lat' dir='ltr'>agitur</span> <span class='ocrx_word' id='word_1_36' title='bbox 895 577 954 618; x_wconf 92' lang='lat' dir='ltr'>ibi</span> <span class='ocrx_word' id='word_1_37' title='bbox 980 577 1037 617; x_wconf 91' lang='lat' dir='ltr'>de</span> <span class='ocrx_word' id='word_1_38' title='bbox 1063 576 1223 617; x_wconf 92' lang='lat' dir='ltr'>ultimo</span> <span class='ocrx_word' id='word_1_39' title='bbox 1240 576 1423 630; x_wconf 91' lang='lat' dir='ltr'>judicio,</span> <span class='ocrx_word' id='word_1_40' title='bbox 1449 577 1630 630; x_wconf 89' lang='lat' dir='ltr'>quando</span> <span class='ocrx_word' id='word_1_41' title='bbox 1653 590 1783 629; x_wconf 88' lang='lat' dir='ltr'>sepa-</span> 
     </span>
     <span class='ocr_line' id='line_1_6' title="bbox 290 639 1784 688; baseline 0 -9"><span class='ocrx_word' id='word_1_42' title='bbox 290 639 417 680; x_wconf 92' lang='lat' dir='ltr'>randi</span> <span class='ocrx_word' id='word_1_43' title='bbox 443 646 548 681; x_wconf 89' lang='lat' dir='ltr'>sunt</span> <span class='ocrx_word' id='word_1_44' title='bbox 574 639 680 680; x_wconf 93' lang='lat' dir='ltr'>boni</span> <span class='ocrx_word' id='word_1_45' title='bbox 706 653 732 679; x_wconf 95' lang='lat' dir='ltr'>a</span> <span class='ocrx_word' id='word_1_46' title='bbox 758 639 902 688; x_wconf 89' lang='lat' dir='ltr'>malis,</span> <span class='ocrx_word' id='word_1_47' title='bbox 927 653 979 681; x_wconf 92' lang='lat' dir='ltr'>ac</span> <span class='ocrx_word' id='word_1_48' title='bbox 1006 640 1113 681; x_wconf 85' lang='lat' dir='ltr'>boni</span> <span class='ocrx_word' id='word_1_49' title='bbox 1135 641 1313 682; x_wconf 88' lang='lat' dir='ltr'>venturi</span> <span class='ocrx_word' id='word_1_50' title='bbox 1338 640 1383 681; x_wconf 90' lang='lat' dir='ltr'>in</span> <span class='ocrx_word' id='word_1_51' title='bbox 1408 639 1585 681; x_wconf 87' lang='lat' dir='ltr'>caelum</span> <span class='ocrx_word' id='word_1_52' title='bbox 1608 646 1654 680; x_wconf 89' lang='lat' dir='ltr'>et</span> <span class='ocrx_word' id='word_1_53' title='bbox 1677 639 1784 680; x_wconf 88' lang='lat' dir='ltr'>mali</span> 
     </span>
     <span class='ocr_line' id='line_1_7' title="bbox 289 702 1782 756; baseline 0 -14"><span class='ocrx_word' id='word_1_54' title='bbox 289 702 333 742; x_wconf 88' lang='lat' dir='ltr'>in</span> <span class='ocrx_word' id='word_1_55' title='bbox 365 702 609 743; x_wconf 89' lang='lat' dir='ltr'>infernum:</span> <span class='ocrx_word' id='word_1_56' title='bbox 647 706 841 743; x_wconf 87' lang='lat' dir='ltr'>“semen</span> <span class='ocrx_word' id='word_1_57' title='bbox 872 703 1042 743; x_wconf 89' lang='lat' dir='ltr'>bonum</span> <span class='ocrx_word' id='word_1_58' title='bbox 1073 703 1118 743; x_wconf 90' lang='lat' dir='ltr'>in</span> <span class='ocrx_word' id='word_1_59' title='bbox 1149 702 1301 756; x_wconf 87' lang='lat' dir='ltr'>agro,‘&#39;</span> <span class='ocrx_word' id='word_1_60' title='bbox 1326 703 1446 756; x_wconf 93' lang='lat' dir='ltr'>quod</span> <span class='ocrx_word' id='word_1_61' title='bbox 1478 702 1617 743; x_wconf 91' lang='lat' dir='ltr'>homo</span> <span class='ocrx_word' id='word_1_62' title='bbox 1648 703 1782 743; x_wconf 90' lang='lat' dir='ltr'>semi-</span> 
     </span>
     <span class='ocr_line' id='line_1_8' title="bbox 289 765 1784 820; baseline 0.001 -14"><span class='ocrx_word' id='word_1_63' title='bbox 289 766 428 814; x_wconf 86' lang='lat' dir='ltr'>navit,</span> <span class='ocrx_word' id='word_1_64' title='bbox 453 765 677 819; x_wconf 86' lang='lat' dir='ltr'>signific&#39;at</span> <span class='ocrx_word' id='word_1_65' title='bbox 704 766 924 807; x_wconf 90' lang='lat' dir='ltr'>ecclesiae</span> <span class='ocrx_word' id='word_1_66' title='bbox 946 781 1052 807; x_wconf 89' lang='lat' dir='ltr'>vera</span> <span class='ocrx_word' id='word_1_67' title='bbox 1077 781 1191 820; x_wconf 89' lang='lat' dir='ltr'>quae</span> <span class='ocrx_word' id='word_1_68' title='bbox 1213 781 1274 808; x_wconf 87' lang='lat' dir='ltr'>ex</span> <span class='ocrx_word' id='word_1_69' title='bbox 1295 767 1417 808; x_wconf 92' lang='lat' dir='ltr'>bono</span> <span class='ocrx_word' id='word_1_70' title='bbox 1439 773 1570 817; x_wconf 91' lang='lat' dir='ltr'>sunt;</span> <span class='ocrx_word' id='word_1_71' title='bbox 1607 771 1753 820; x_wconf 88' lang='lat' dir='ltr'>“ager</span> <span class='ocrx_word' id='word_1_72' title='bbox 1764 767 1784 782; x_wconf 88' lang='lat'><strong>”</strong></span> 
     </span>
     <span class='ocr_line' id='line_1_9' title="bbox 289 828 1782 883; baseline 0.001 -15"><span class='ocrx_word' id='word_1_73' title='bbox 289 828 515 882; x_wconf 86' lang='lat' dir='ltr'>significat</span> <span class='ocrx_word' id='word_1_74' title='bbox 532 828 773 870; x_wconf 89' lang='lat' dir='ltr'>ecclesiam</span> <span class='ocrx_word' id='word_1_75' title='bbox 792 829 863 870; x_wconf 94' lang='lat' dir='ltr'>ubi</span> <span class='ocrx_word' id='word_1_76' title='bbox 881 829 972 878; x_wconf 90' lang='lat' dir='ltr'>illa,</span> <span class='ocrx_word' id='word_1_77' title='bbox 988 836 1034 871; x_wconf 92' lang='lat' dir='ltr'>et</span> <span class='ocrx_word' id='word_1_78' title='bbox 1055 833 1080 851; x_wconf 88' lang='lat'><strong>“</strong></span> <span class='ocrx_word' id='word_1_79' title='bbox 1093 831 1314 871; x_wconf 91' lang='lat' dir='ltr'>seminare</span> <span class='ocrx_word' id='word_1_80' title='bbox 1325 829 1344 845; x_wconf 94' lang='lat'>&#39;’</span> <span class='ocrx_word' id='word_1_81' title='bbox 1358 830 1583 883; x_wconf 88' lang='lat' dir='ltr'>significat</span> <span class='ocrx_word' id='word_1_82' title='bbox 1601 830 1782 871; x_wconf 88' lang='lat' dir='ltr'>influere</span> 
     </span>
     <span class='ocr_line' id='line_1_10' title="bbox 288 892 1783 947; baseline 0.001 -15"><span class='ocrx_word' id='word_1_83' title='bbox 288 905 340 932; x_wconf 93' lang='lat' dir='ltr'>ac</span> <span class='ocrx_word' id='word_1_84' title='bbox 373 892 585 945; x_wconf 91' lang='lat' dir='ltr'>recipere,</span> <span class='ocrx_word' id='word_1_85' title='bbox 618 892 681 933; x_wconf 93' lang='lat' dir='ltr'>ita</span> <span class='ocrx_word' id='word_1_86' title='bbox 707 906 883 945; x_wconf 88' lang='lat' dir='ltr'>quoque</span> <span class='ocrx_word' id='word_1_87' title='bbox 909 893 1155 934; x_wconf 89' lang='lat' dir='ltr'>instruere:</span> <span class='ocrx_word' id='word_1_88' title='bbox 1189 893 1378 934; x_wconf 88' lang='lat' dir='ltr'>·“homo</span> <span class='ocrx_word' id='word_1_89' title='bbox 1404 894 1478 947; x_wconf 92' lang='lat' dir='ltr'>qui</span> <span class='ocrx_word' id='word_1_90' title='bbox 1511 893 1783 934; x_wconf 86' lang='lat' dir='ltr'>seminavit&#39;’</span> 
     </span>
     <span class='ocr_line' id='line_1_11' title="bbox 289 954 1778 1008; baseline 0.001 -13"><span class='ocrx_word' id='word_1_91' title='bbox 289 961 359 995; x_wconf 91' lang='lat' dir='ltr'>est</span> <span class='ocrx_word' id='word_1_92' title='bbox 393 954 614 995; x_wconf 86' lang='lat' dir='ltr'>Dominus</span> <span class='ocrx_word' id='word_1_93' title='bbox 646 968 725 1008; x_wconf 88' lang='lat' dir='ltr'>per</span> <span class='ocrx_word' id='word_1_94' title='bbox 751 954 953 996; x_wconf 88' lang='lat' dir='ltr'>Verbum</span> <span class='ocrx_word' id='word_1_95' title='bbox 986 956 1059 996; x_wconf 93' lang='lat' dir='ltr'>ubi</span> <span class='ocrx_word' id='word_1_96' title='bbox 1093 956 1244 997; x_wconf 88' lang='lat' dir='ltr'>omnia</span> <span class='ocrx_word' id='word_1_97' title='bbox 1270 970 1377 998; x_wconf 90' lang='lat' dir='ltr'>vera</span> <span class='ocrx_word' id='word_1_98' title='bbox 1402 956 1623 998; x_wconf 89' lang='lat' dir='ltr'>ecclesiae</span> <span class='ocrx_word' id='word_1_99' title='bbox 1649 959 1778 997; x_wconf 86' lang='lat' dir='ltr'>sunt:</span> 
     </span>
     <span class='ocr_line' id='line_1_12' title="bbox 290 1018 1781 1072; baseline 0.001 -14"><span class='ocrx_word' id='word_1_100' title='bbox 290 1021 430 1059; x_wconf 90' lang='lat' dir='ltr'>“cum</span> <span class='ocrx_word' id='word_1_101' title='bbox 453 1018 764 1059; x_wconf 88' lang='lat' dir='ltr'>dormiverunt</span> <span class='ocrx_word' id='word_1_102' title='bbox 787 1018 1008 1067; x_wconf 89' lang='lat' dir='ltr'>homines,</span> <span class='ocrx_word' id='word_1_103' title='bbox 1026 1020 1152 1060; x_wconf 91' lang='lat' dir='ltr'>venit</span> <span class='ocrx_word' id='word_1_104' title='bbox 1174 1019 1267 1072; x_wconf 87' lang='lat' dir='ltr'>ejus</span> <span class='ocrx_word' id='word_1_105' title='bbox 1289 1020 1494 1061; x_wconf 88' lang='lat' dir='ltr'>inimicus</span> <span class='ocrx_word' id='word_1_106' title='bbox 1516 1026 1563 1061; x_wconf 92' lang='lat' dir='ltr'>et</span> <span class='ocrx_word' id='word_1_107' title='bbox 1586 1020 1781 1061; x_wconf 90' lang='lat' dir='ltr'>semina-</span> 
     </span>
     <span class='ocr_line' id='line_1_13' title="bbox 288 1081 1781 1136; baseline 0.002 -15"><span class='ocrx_word' id='word_1_108' title='bbox 288 1081 353 1121; x_wconf 87' lang='lat' dir='ltr'>vit</span> <span class='ocrx_word' id='word_1_109' title='bbox 367 1082 536 1122; x_wconf 67' lang='lat' dir='ltr'>ziiania</span> <span class='ocrx_word' id='word_1_110' title='bbox 551 1088 598 1122; x_wconf 93' lang='lat' dir='ltr'>et</span> <span class='ocrx_word' id='word_1_111' title='bbox 616 1081 797 1131; x_wconf 89' lang='lat' dir='ltr'>abivit‚&#39;&#39;</span> <span class='ocrx_word' id='word_1_112' title='bbox 811 1082 1036 1135; x_wconf 84' lang='lat' dir='ltr'>significat</span> <span class='ocrx_word' id='word_1_113' title='bbox 1052 1082 1171 1136; x_wconf 91' lang='lat' dir='ltr'>quod</span> <span class='ocrx_word' id='word_1_114' title='bbox 1189 1083 1307 1136; x_wconf 91' lang='lat' dir='ltr'>apud</span> <span class='ocrx_word' id='word_1_115' title='bbox 1326 1083 1555 1124; x_wconf 87' lang='lat' dir='ltr'>naturales</span> <span class='ocrx_word' id='word_1_116' title='bbox 1573 1083 1781 1124; x_wconf 90' lang='lat' dir='ltr'>homines</span> 
     </span>
     <span class='ocr_line' id='line_1_14' title="bbox 287 1143 1780 1200; baseline 0.001 -15"><span class='ocrx_word' id='word_1_117' title='bbox 287 1143 399 1185; x_wconf 87' lang='lat' dir='ltr'>falsa</span> <span class='ocrx_word' id='word_1_118' title='bbox 435 1145 541 1185; x_wconf 90' lang='lat' dir='ltr'>mali</span> <span class='ocrx_word' id='word_1_119' title='bbox 578 1145 636 1186; x_wconf 93' lang='lat' dir='ltr'>ab</span> <span class='ocrx_word' id='word_1_120' title='bbox 672 1145 846 1186; x_wconf 89' lang='lat' dir='ltr'>inferno</span> <span class='ocrx_word' id='word_1_121' title='bbox 883 1145 1070 1186; x_wconf 91' lang='lat' dir='ltr'>influant</span> <span class='ocrx_word' id='word_1_122' title='bbox 1108 1152 1154 1187; x_wconf 87' lang='lat' dir='ltr'>et</span> <span class='ocrx_word' id='word_1_123' title='bbox 1195 1147 1480 1200; x_wconf 89' lang='lat' dir='ltr'>recipiantur,</span> <span class='ocrx_word' id='word_1_124' title='bbox 1517 1146 1780 1188; x_wconf 89' lang='lat' dir='ltr'>“dormire&#39;’</span> 
     </span>
     <span class='ocr_line' id='line_1_15' title="bbox 287 1208 1781 1263; baseline 0.002 -16"><span class='ocrx_word' id='word_1_125' title='bbox 287 1208 406 1248; x_wconf 89' lang='lat' dir='ltr'>enim</span> <span class='ocrx_word' id='word_1_126' title='bbox 442 1208 668 1261; x_wconf 85' lang='lat' dir='ltr'>significat</span> <span class='ocrx_word' id='word_1_127' title='bbox 700 1210 851 1250; x_wconf 89' lang='lat' dir='ltr'>vivere</span> <span class='ocrx_word' id='word_1_128' title='bbox 883 1210 1024 1249; x_wconf 92' lang='lat' dir='ltr'>vitam</span> <span class='ocrx_word' id='word_1_129' title='bbox 1062 1208 1317 1250; x_wconf 84' lang='lat' dir='ltr'>naturalem</span> <span class='ocrx_word' id='word_1_130' title='bbox 1354 1210 1524 1263; x_wconf 87' lang='lat' dir='ltr'>absque</span> <span class='ocrx_word' id='word_1_131' title='bbox 1561 1210 1781 1263; x_wconf 87' lang='lat' dir='ltr'>spirituali</span> 
     </span>
     <span class='ocr_line' id='line_1_16' title="bbox 287 1269 1779 1323; baseline 0.001 -14"><span class='ocrx_word' id='word_1_132' title='bbox 287 1279 447 1318; x_wconf 81' lang='lat' dir='ltr'>(videatur</span> <span class='ocrx_word' id='word_1_133' title='bbox 464 1289 569 1318; x_wconf 74' lang='lat' dir='ltr'>supra,</span> <span class='ocrx_word' id='word_1_134' title='bbox 590 1290 620 1310; x_wconf 86' lang='lat' dir='ltr'>n.</span> <span class='ocrx_word' id='word_1_135' title='bbox 651 1271 813 1321; x_wconf 82' lang='lat' dir='ltr'>187[a]),</span> <span class='ocrx_word' id='word_1_136' title='bbox 837 1276 884 1310; x_wconf 94' lang='lat' dir='ltr'>et</span> <span class='ocrx_word' id='word_1_137' title='bbox 912 1271 1156 1310; x_wconf 88' lang='lat' dir='ltr'>“inimicus</span> <span class='ocrx_word' id='word_1_138' title='bbox 1169 1269 1190 1284; x_wconf 90' lang='lat'>”</span> <span class='ocrx_word' id='word_1_139' title='bbox 1214 1270 1442 1323; x_wconf 88' lang='lat' dir='ltr'>significat</span> <span class='ocrx_word' id='word_1_140' title='bbox 1467 1270 1704 1317; x_wconf 85' lang='lat' dir='ltr'>infernum.</span> <span class='ocrx_word' id='word_1_141' title='bbox 1731 1277 1779 1311; x_wconf 88' lang='lat' dir='ltr'>et</span> 
     </span>
     <span class='ocr_line' id='line_1_17' title="bbox 290 1330 1777 1386; baseline 0.001 -14"><span class='ocrx_word' id='word_1_142' title='bbox 290 1332 528 1372; x_wconf 86' lang='lat' dir='ltr'>“zizania’&#39;</span> <span class='ocrx_word' id='word_1_143' title='bbox 559 1331 816 1385; x_wconf 88' lang='lat' dir='ltr'>significant</span> <span class='ocrx_word' id='word_1_144' title='bbox 850 1331 969 1372; x_wconf 91' lang='lat' dir='ltr'>mala</span> <span class='ocrx_word' id='word_1_145' title='bbox 1004 1331 1116 1372; x_wconf 88' lang='lat' dir='ltr'>falsi.</span> <span class='ocrx_word' id='word_1_146' title='bbox 1196 1330 1315 1385; x_wconf 80' lang='lat' dir='ltr'>Quid</span> <span class='ocrx_word' id='word_1_147' title='bbox 1347 1332 1518 1386; x_wconf 89' lang='lat' dir='ltr'>reliqua</span> <span class='ocrx_word' id='word_1_148' title='bbox 1549 1347 1688 1386; x_wconf 90' lang='lat' dir='ltr'>usque</span> <span class='ocrx_word' id='word_1_149' title='bbox 1719 1333 1777 1373; x_wconf 91' lang='lat' dir='ltr'>ad</span> 
     </span>
     <span class='ocr_line' id='line_1_18' title="bbox 286 1393 1778 1449; baseline 0.001 -14"><span class='ocrx_word' id='word_1_150' title='bbox 286 1393 421 1435; x_wconf 90' lang='lat' dir='ltr'>finem</span> <span class='ocrx_word' id='word_1_151' title='bbox 447 1394 720 1448; x_wconf 87' lang='lat' dir='ltr'>significant,</span> <span class='ocrx_word' id='word_1_152' title='bbox 741 1401 952 1435; x_wconf 86' lang='lat' dir='ltr'>constare</span> <span class='ocrx_word' id='word_1_153' title='bbox 976 1400 1130 1448; x_wconf 90' lang='lat' dir='ltr'>potest</span> <span class='ocrx_word' id='word_1_154' title='bbox 1153 1408 1212 1435; x_wconf 86' lang='lat' dir='ltr'>ex</span> <span class='ocrx_word' id='word_1_155' title='bbox 1238 1394 1325 1435; x_wconf 89' lang='lat' dir='ltr'>illis</span> <span class='ocrx_word' id='word_1_156' title='bbox 1351 1408 1465 1448; x_wconf 80' lang='lat' dir='ltr'>quae</span> <span class='ocrx_word' id='word_1_157' title='bbox 1492 1396 1536 1436; x_wconf 90' lang='lat' dir='ltr'>in</span> <span class='ocrx_word' id='word_1_158' title='bbox 1559 1395 1778 1449; x_wconf 91' lang='lat' dir='ltr'>opusculo</span> 
     </span>
     <span class='ocr_line' id='line_1_19' title="bbox 285 1447 1778 1504; baseline 0 -7"><span class='ocrx_word' id='word_1_159' title='bbox 285 1455 353 1496; x_wconf 84' lang='lat' dir='ltr'>De</span> <span class='ocrx_word' id='word_1_160' title='bbox 393 1456 560 1497; x_wconf 83' lang='lat' dir='ltr'>Ultimo</span> <span class='ocrx_word' id='word_1_161' title='bbox 583 1456 774 1504; x_wconf 78' lang='lat' dir='ltr'>Judicz&#39;o</span> <span class='ocrx_word' id='word_1_162' title='bbox 812 1467 857 1504; x_wconf 87' lang='lat' dir='ltr'>(n.</span> <span class='ocrx_word' id='word_1_163' title='bbox 885 1447 941 1504; x_wconf 48' lang='lat'>70).</span> <span class='ocrx_word' id='word_1_164' title='bbox 975 1454 1175 1496; x_wconf 69' lang='lat' dir='ltr'>adducta</span> <span class='ocrx_word' id='word_1_165' title='bbox 1213 1462 1334 1504; x_wconf 89' lang='lat' dir='ltr'>sunt,</span> <span class='ocrx_word' id='word_1_166' title='bbox 1374 1456 1618 1497; x_wconf 90' lang='lat' dir='ltr'>involvunt</span> <span class='ocrx_word' id='word_1_167' title='bbox 1657 1457 1778 1498; x_wconf 92' lang='lat' dir='ltr'>enim</span> 
     </span>
     <span class='ocr_line' id='line_1_20' title="bbox 285 1516 1779 1572; baseline 0.001 -14"><span class='ocrx_word' id='word_1_168' title='bbox 285 1531 452 1559; x_wconf 89' lang='lat' dir='ltr'>arcana</span> <span class='ocrx_word' id='word_1_169' title='bbox 477 1532 592 1572; x_wconf 90' lang='lat' dir='ltr'>quae</span> <span class='ocrx_word' id='word_1_170' title='bbox 618 1518 678 1559; x_wconf 91' lang='lat' dir='ltr'>ibi</span> <span class='ocrx_word' id='word_1_171' title='bbox 700 1518 912 1571; x_wconf 86' lang='lat' dir='ltr'>exposita</span> <span class='ocrx_word' id='word_1_172' title='bbox 939 1523 1071 1567; x_wconf 90' lang='lat' dir='ltr'>sunt;</span> <span class='ocrx_word' id='word_1_173' title='bbox 1104 1516 1175 1557; x_wconf 92' lang='lat' dir='ltr'>hic</span> <span class='ocrx_word' id='word_1_174' title='bbox 1199 1516 1345 1558; x_wconf 91' lang='lat' dir='ltr'>solum</span> <span class='ocrx_word' id='word_1_175' title='bbox 1371 1517 1492 1571; x_wconf 91' lang='lat' dir='ltr'>quod</span> <span class='ocrx_word' id='word_1_176' title='bbox 1519 1532 1598 1571; x_wconf 90' lang='lat' dir='ltr'>per</span> <span class='ocrx_word' id='word_1_177' title='bbox 1622 1519 1779 1559; x_wconf 87' lang='lat' dir='ltr'>“triti-</span> 
     </span>
     <span class='ocr_line' id='line_1_21' title="bbox 286 1579 1780 1634; baseline 0.001 -13"><span class='ocrx_word' id='word_1_178' title='bbox 286 1580 419 1622; x_wconf 89' lang='lat' dir='ltr'>cum&#39;’</span> <span class='ocrx_word' id='word_1_179' title='bbox 445 1580 723 1634; x_wconf 85' lang='lat' dir='ltr'>significetur</span> <span class='ocrx_word' id='word_1_180' title='bbox 753 1580 920 1621; x_wconf 93' lang='lat' dir='ltr'>bonum</span> <span class='ocrx_word' id='word_1_181' title='bbox 953 1580 1045 1620; x_wconf 91' lang='lat' dir='ltr'>veri</span> <span class='ocrx_word' id='word_1_182' title='bbox 1076 1585 1123 1620; x_wconf 88' lang='lat' dir='ltr'>et</span> <span class='ocrx_word' id='word_1_183' title='bbox 1154 1579 1258 1621; x_wconf 93' lang='lat' dir='ltr'>inde</span> <span class='ocrx_word' id='word_1_184' title='bbox 1289 1579 1353 1620; x_wconf 93' lang='lat' dir='ltr'>illi</span> <span class='ocrx_word' id='word_1_185' title='bbox 1378 1581 1451 1634; x_wconf 93' lang='lat' dir='ltr'>qui</span> <span class='ocrx_word' id='word_1_186' title='bbox 1482 1581 1527 1621; x_wconf 92' lang='lat' dir='ltr'>in</span> <span class='ocrx_word' id='word_1_187' title='bbox 1553 1581 1674 1621; x_wconf 90' lang='lat' dir='ltr'>bono</span> <span class='ocrx_word' id='word_1_188' title='bbox 1701 1595 1780 1634; x_wconf 88' lang='lat' dir='ltr'>per</span> 
     </span>
     <span class='ocr_line' id='line_1_22' title="bbox 228 1641 1777 1698; baseline 0.001 -14"><span class='ocrx_word' id='word_1_189' title='bbox 228 1667 236 1668; x_wconf 29' lang='lat' dir='ltr'><em>ff</em></span> <span class='ocrx_word' id='word_1_190' title='bbox 285 1657 391 1685; x_wconf 89' lang='lat' dir='ltr'>vera</span> <span class='ocrx_word' id='word_1_191' title='bbox 417 1650 536 1692; x_wconf 89' lang='lat' dir='ltr'>sunt,</span> <span class='ocrx_word' id='word_1_192' title='bbox 561 1658 613 1685; x_wconf 91' lang='lat' dir='ltr'>ac</span> <span class='ocrx_word' id='word_1_193' title='bbox 646 1658 725 1697; x_wconf 91' lang='lat' dir='ltr'>per</span> <span class='ocrx_word' id='word_1_194' title='bbox 750 1644 956 1684; x_wconf 89' lang='lat' dir='ltr'>“zizania</span> <span class='ocrx_word' id='word_1_195' title='bbox 968 1643 987 1658; x_wconf 89' lang='lat'>&#39;&#39;</span> <span class='ocrx_word' id='word_1_196' title='bbox 1010 1642 1177 1683; x_wconf 86' lang='lat' dir='ltr'>malum</span> <span class='ocrx_word' id='word_1_197' title='bbox 1209 1641 1307 1683; x_wconf 89' lang='lat' dir='ltr'>falsi</span> <span class='ocrx_word' id='word_1_198' title='bbox 1333 1649 1379 1684; x_wconf 92' lang='lat' dir='ltr'>et</span> <span class='ocrx_word' id='word_1_199' title='bbox 1410 1643 1514 1684; x_wconf 91' lang='lat' dir='ltr'>inde</span> <span class='ocrx_word' id='word_1_200' title='bbox 1540 1643 1603 1684; x_wconf 91' lang='lat' dir='ltr'>illi</span> <span class='ocrx_word' id='word_1_201' title='bbox 1628 1645 1702 1698; x_wconf 92' lang='lat' dir='ltr'>qui</span> <span class='ocrx_word' id='word_1_202' title='bbox 1732 1644 1777 1685; x_wconf 93' lang='lat' dir='ltr'>in</span> 
     </span>
     <span class='ocr_line' id='line_1_23' title="bbox 286 1703 1775 1760; baseline 0.001 -13"><span class='ocrx_word' id='word_1_203' title='bbox 286 1706 408 1747; x_wconf 91' lang='lat' dir='ltr'>malo</span> <span class='ocrx_word' id='word_1_204' title='bbox 430 1721 508 1760; x_wconf 90' lang='lat' dir='ltr'>per</span> <span class='ocrx_word' id='word_1_205' title='bbox 524 1707 636 1748; x_wconf 90' lang='lat' dir='ltr'>falsa</span> <span class='ocrx_word' id='word_1_206' title='bbox 659 1713 778 1747; x_wconf 88' lang='lat' dir='ltr'>sunt.</span> <span class='ocrx_word' id='word_1_207' title='bbox 826 1705 960 1759; x_wconf 79' lang='lat' dir='ltr'>Quod</span> <span class='ocrx_word' id='word_1_208' title='bbox 987 1705 1063 1746; x_wconf 89' lang='lat' dir='ltr'>illa</span> <span class='ocrx_word' id='word_1_209' title='bbox 1085 1703 1205 1746; x_wconf 65' lang='lat' dir='ltr'>dicta</span> <span class='ocrx_word' id='word_1_210' title='bbox 1227 1706 1317 1747; x_wconf 88' lang='lat' dir='ltr'>sint</span> <span class='ocrx_word' id='word_1_211' title='bbox 1339 1706 1395 1747; x_wconf 94' lang='lat' dir='ltr'>de</span> <span class='ocrx_word' id='word_1_212' title='bbox 1418 1706 1577 1748; x_wconf 90' lang='lat' dir='ltr'>ultimo</span> <span class='ocrx_word' id='word_1_213' title='bbox 1594 1706 1775 1760; x_wconf 90' lang='lat' dir='ltr'>judicio,</span> 
     </span>
     <span class='ocr_line' id='line_1_24' title="bbox 285 1769 1515 1824; baseline -0.001 -13"><span class='ocrx_word' id='word_1_214' title='bbox 285 1776 470 1812; x_wconf 85' lang='lat' dir='ltr'>constat</span> <span class='ocrx_word' id='word_1_215' title='bbox 497 1785 556 1811; x_wconf 87' lang='lat' dir='ltr'>ex</span> <span class='ocrx_word' id='word_1_216' title='bbox 583 1770 877 1824; x_wconf 90' lang='lat' dir='ltr'>sequentibus</span> <span class='ocrx_word' id='word_1_217' title='bbox 902 1770 946 1809; x_wconf 89' lang='lat' dir='ltr'>in</span> <span class='ocrx_word' id='word_1_218' title='bbox 973 1783 1028 1810; x_wconf 88' lang='lat' dir='ltr'>eo</span> <span class='ocrx_word' id='word_1_219' title='bbox 1054 1769 1217 1823; x_wconf 83' lang='lat' dir='ltr'>capite,</span> <span class='ocrx_word' id='word_1_220' title='bbox 1242 1769 1315 1810; x_wconf 92' lang='lat' dir='ltr'>ubi</span> <span class='ocrx_word' id='word_1_221' title='bbox 1340 1769 1515 1818; x_wconf 91' lang='lat' dir='ltr'>dicitur,</span> 
     </span>
    </p>
   </div>
   <div class='ocr_carea' id='block_1_3' title="bbox 354 1857 1777 1943">
    <p class='ocr_par' dir='ltr' id='par_1_3' title="bbox 354 1857 1777 1943">
     <span class='ocr_line' id='line_1_25' title="bbox 354 1857 1777 1901; baseline 0 -10"><span class='ocrx_word' id='word_1_222' title='bbox 354 1860 376 1875; x_wconf 85' lang='lat'><strong>“</strong></span> <span class='ocrx_word' id='word_1_223' title='bbox 388 1859 457 1901; x_wconf 76' lang='lat' dir='ltr'>Qui</span> <span class='ocrx_word' id='word_1_224' title='bbox 471 1859 627 1891; x_wconf 87' lang='lat' dir='ltr'>seminat</span> <span class='ocrx_word' id='word_1_225' title='bbox 639 1860 775 1890; x_wconf 89' lang='lat' dir='ltr'>bonum</span> <span class='ocrx_word' id='word_1_226' title='bbox 789 1868 914 1890; x_wconf 89' lang='lat' dir='ltr'>semen</span> <span class='ocrx_word' id='word_1_227' title='bbox 927 1864 982 1889; x_wconf 85' lang='lat' dir='ltr'>est</span> <span class='ocrx_word' id='word_1_228' title='bbox 996 1857 1106 1889; x_wconf 88' lang='lat' dir='ltr'>Filius</span> <span class='ocrx_word' id='word_1_229' title='bbox 1118 1858 1287 1896; x_wconf 88' lang='lat' dir='ltr'>hominis,</span> <span class='ocrx_word' id='word_1_230' title='bbox 1304 1867 1390 1898; x_wconf 87' lang='lat' dir='ltr'>ager</span> <span class='ocrx_word' id='word_1_231' title='bbox 1402 1864 1457 1895; x_wconf 86' lang='lat' dir='ltr'>est</span> <span class='ocrx_word' id='word_1_232' title='bbox 1470 1859 1637 1897; x_wconf 90' lang='lat' dir='ltr'>mundus,</span> <span class='ocrx_word' id='word_1_233' title='bbox 1654 1869 1777 1891; x_wconf 90' lang='lat' dir='ltr'>semen</span> 
     </span>
     <span class='ocr_line' id='line_1_26' title="bbox 466 1901 1775 1943; baseline -0.001 -8"><span class='ocrx_word' id='word_1_234' title='bbox 466 1928 472 1935; x_wconf 97' lang='lat'>.</span> <span class='ocrx_word' id='word_1_235' title='bbox 487 1928 495 1935; x_wconf 87' lang='lat'><strong>.</strong></span> <span class='ocrx_word' id='word_1_236' title='bbox 509 1909 610 1935; x_wconf 80' lang='lat' dir='ltr'>,sunt</span> <span class='ocrx_word' id='word_1_237' title='bbox 626 1903 688 1934; x_wconf 91' lang='lat' dir='ltr'>filii</span> <span class='ocrx_word' id='word_1_238' title='bbox 706 1903 820 1943; x_wconf 89' lang='lat' dir='ltr'>regni,</span> <span class='ocrx_word' id='word_1_239' title='bbox 840 1902 976 1933; x_wconf 85' lang='lat' dir='ltr'>zizania</span> <span class='ocrx_word' id='word_1_240' title='bbox 992 1908 1075 1933; x_wconf 87' lang='lat' dir='ltr'>sunt</span> <span class='ocrx_word' id='word_1_241' title='bbox 1091 1901 1153 1933; x_wconf 89' lang='lat' dir='ltr'>filii</span> <span class='ocrx_word' id='word_1_242' title='bbox 1170 1902 1266 1940; x_wconf 88' lang='lat' dir='ltr'>mali,</span> <span class='ocrx_word' id='word_1_243' title='bbox 1286 1902 1467 1934; x_wconf 86' lang='lat' dir='ltr'>inimicus.</span> <span class='ocrx_word' id='word_1_244' title='bbox 1482 1927 1490 1934; x_wconf 93' lang='lat'><em>.</em></span> <span class='ocrx_word' id='word_1_245' title='bbox 1503 1909 1575 1935; x_wconf 75' lang='lat' dir='ltr'>,est</span> <span class='ocrx_word' id='word_1_246' title='bbox 1597 1903 1775 1942; x_wconf 87' lang='lat' dir='ltr'>diabolus,</span> 
     </span>
    </p>
   </div>
   <div class='ocr_carea' id='block_1_4' title="bbox 461 1943 1430 1987">
    <p class='ocr_par' dir='ltr' id='par_1_4' title="bbox 461 1943 1430 1987">
     <span class='ocr_line' id='line_1_27' title="bbox 461 1943 1430 1987; baseline 0 -9"><span class='ocrx_word' id='word_1_247' title='bbox 461 1947 591 1978; x_wconf 89' lang='lat' dir='ltr'>messis</span> <span class='ocrx_word' id='word_1_248' title='bbox 608 1946 871 1978; x_wconf 88' lang='lat' dir='ltr'>consummatio</span> <span class='ocrx_word' id='word_1_249' title='bbox 890 1945 1050 1977; x_wconf 86' lang='lat' dir='ltr'>saeculi&#39;&#39;</span> <span class='ocrx_word' id='word_1_250' title='bbox 1067 1945 1173 1985; x_wconf 91' lang='lat' dir='ltr'>(vers.</span> <span class='ocrx_word' id='word_1_251' title='bbox 1189 1943 1277 1987; x_wconf 89' lang='lat'>[37,]</span> <span class='ocrx_word' id='word_1_252' title='bbox 1291 1946 1343 1984; x_wconf 86' lang='lat'>38,</span> <span class='ocrx_word' id='word_1_253' title='bbox 1356 1945 1430 1986; x_wconf 86' lang='lat'>39):</span> 
     </span>
    </p>
   </div>
   <div class='ocr_carea' id='block_1_5' title="bbox 229 2034 1777 2968">
    <p class='ocr_par' dir='ltr' id='par_1_5' title="bbox 285 2034 1777 2277">
     <span class='ocr_line' id='line_1_28' title="bbox 288 2034 1776 2090; baseline 0.001 -14"><span class='ocrx_word' id='word_1_254' title='bbox 288 2036 652 2076; x_wconf 87' lang='lat' dir='ltr'>“consummatio</span> <span class='ocrx_word' id='word_1_255' title='bbox 671 2034 862 2076; x_wconf 90' lang='lat' dir='ltr'>saeculi&#39;&#39;</span> <span class='ocrx_word' id='word_1_256' title='bbox 880 2041 950 2075; x_wconf 89' lang='lat' dir='ltr'>est</span> <span class='ocrx_word' id='word_1_257' title='bbox 970 2034 1178 2074; x_wconf 89' lang='lat' dir='ltr'>ultimum</span> <span class='ocrx_word' id='word_1_258' title='bbox 1195 2040 1375 2088; x_wconf 90' lang='lat' dir='ltr'>tempus</span> <span class='ocrx_word' id='word_1_259' title='bbox 1393 2035 1612 2077; x_wconf 91' lang='lat' dir='ltr'>ecclesiae</span> <span class='ocrx_word' id='word_1_260' title='bbox 1634 2050 1776 2090; x_wconf 91' lang='lat' dir='ltr'>quan-</span> 
     </span>
     <span class='ocr_line' id='line_1_29' title="bbox 285 2096 1777 2152; baseline 0.001 -13"><span class='ocrx_word' id='word_1_261' title='bbox 285 2099 345 2140; x_wconf 93' lang='lat' dir='ltr'>do</span> <span class='ocrx_word' id='word_1_262' title='bbox 362 2098 589 2152; x_wconf 89' lang='lat' dir='ltr'>judicium.</span> <span class='ocrx_word' id='word_1_263' title='bbox 651 2098 726 2139; x_wconf 87' lang='lat' dir='ltr'>Ex</span> <span class='ocrx_word' id='word_1_264' title='bbox 749 2098 818 2138; x_wconf 89' lang='lat' dir='ltr'>his</span> <span class='ocrx_word' id='word_1_265' title='bbox 841 2098 951 2138; x_wconf 91' lang='lat' dir='ltr'>locis</span> <span class='ocrx_word' id='word_1_266' title='bbox 969 2112 1028 2138; x_wconf 87' lang='lat' dir='ltr'>ex</span> <span class='ocrx_word' id='word_1_267' title='bbox 1046 2096 1202 2138; x_wconf 89' lang='lat' dir='ltr'>Verbo</span> <span class='ocrx_word' id='word_1_268' title='bbox 1219 2097 1369 2139; x_wconf 89' lang='lat' dir='ltr'>allatis</span> <span class='ocrx_word' id='word_1_269' title='bbox 1387 2105 1598 2140; x_wconf 87' lang='lat' dir='ltr'>constare</span> <span class='ocrx_word' id='word_1_270' title='bbox 1621 2106 1777 2152; x_wconf 86' lang='lat' dir='ltr'>potest</span> 
     </span>
     <span class='ocr_line' id='line_1_30' title="bbox 285 2160 1775 2216; baseline 0.001 -13"><span class='ocrx_word' id='word_1_271' title='bbox 285 2162 405 2216; x_wconf 93' lang='lat' dir='ltr'>quod</span> <span class='ocrx_word' id='word_1_272' title='bbox 434 2161 703 2203; x_wconf 86' lang='lat' dir='ltr'>“triticum’&#39;</span> <span class='ocrx_word' id='word_1_273' title='bbox 729 2160 954 2215; x_wconf 88' lang='lat' dir='ltr'>significet</span> <span class='ocrx_word' id='word_1_274' title='bbox 986 2161 1154 2201; x_wconf 90' lang='lat' dir='ltr'>bonum</span> <span class='ocrx_word' id='word_1_275' title='bbox 1186 2160 1405 2202; x_wconf 90' lang='lat' dir='ltr'>ecclesiae</span> <span class='ocrx_word' id='word_1_276' title='bbox 1436 2162 1480 2202; x_wconf 91' lang='lat' dir='ltr'>in</span> <span class='ocrx_word' id='word_1_277' title='bbox 1511 2175 1695 2215; x_wconf 86' lang='lat' dir='ltr'>genere,</span> <span class='ocrx_word' id='word_1_278' title='bbox 1723 2177 1775 2205; x_wconf 91' lang='lat' dir='ltr'>ac</span> 
     </span>
     <span class='ocr_line' id='line_1_31' title="bbox 288 2224 891 2277; baseline -0.003 -11"><span class='ocrx_word' id='word_1_279' title='bbox 288 2225 546 2266; x_wconf 88' lang='lat' dir='ltr'>“hordeum</span> <span class='ocrx_word' id='word_1_280' title='bbox 558 2225 578 2240; x_wconf 90' lang='lat'>&#39;’</span> <span class='ocrx_word' id='word_1_281' title='bbox 603 2238 758 2266; x_wconf 89' lang='lat' dir='ltr'>verum</span> <span class='ocrx_word' id='word_1_282' title='bbox 786 2224 891 2277; x_wconf 88' lang='lat' dir='ltr'>ejus.</span> 
     </span>
    </p>

    <p class='ocr_par' dir='ltr' id='par_1_6' title="bbox 229 2291 1776 2968">
     <span class='ocr_line' id='line_1_32' title="bbox 362 2291 1775 2348; baseline 0 -13"><span class='ocrx_word' id='word_1_283' title='bbox 362 2293 576 2347; x_wconf 79' lang='lat' dir='ltr'>375[a].</span> <span class='ocrx_word' id='word_1_284' title='bbox 615 2293 701 2333; x_wconf 71' lang='lat' dir='ltr'>“Et</span> <span class='ocrx_word' id='word_1_285' title='bbox 726 2293 857 2333; x_wconf 78' lang='lat' dir='ltr'>oleum</span> <span class='ocrx_word' id='word_1_286' title='bbox 880 2295 924 2332; x_wconf 73' lang='lat' dir='ltr'>et</span> <span class='ocrx_word' id='word_1_287' title='bbox 946 2291 1071 2331; x_wconf 75' lang='lat' dir='ltr'>vinum</span> <span class='ocrx_word' id='word_1_288' title='bbox 1094 2303 1146 2332; x_wconf 78' lang='lat' dir='ltr'>ne</span> <span class='ocrx_word' id='word_1_289' title='bbox 1165 2291 1578 2346; x_wconf 68' lang='lat' dir='ltr'>laeseris.&#39;&#39;—-Quod</span> <span class='ocrx_word' id='word_1_290' title='bbox 1603 2294 1775 2348; x_wconf 87' lang='lat' dir='ltr'>signifi-</span> 
     </span>
     <span class='ocr_line' id='line_1_33' title="bbox 284 2353 1776 2408; baseline 0.001 -12"><span class='ocrx_word' id='word_1_291' title='bbox 284 2361 358 2396; x_wconf 90' lang='lat' dir='ltr'>cet</span> <span class='ocrx_word' id='word_1_292' title='bbox 384 2355 503 2408; x_wconf 83' lang='lat' dir='ltr'>quod</span> <span class='ocrx_word' id='word_1_293' title='bbox 517 2355 754 2408; x_wconf 82' lang='lat' dir='ltr'>provisum</span> <span class='ocrx_word' id='word_1_294' title='bbox 779 2354 842 2395; x_wconf 84' lang='lat' dir='ltr'>sz&#39;t</span> <span class='ocrx_word' id='word_1_295' title='bbox 865 2367 916 2393; x_wconf 86' lang='lat' dir='ltr'>ne</span> <span class='ocrx_word' id='word_1_296' title='bbox 938 2353 1147 2393; x_wconf 86' lang='lat' dir='ltr'>damnum</span> <span class='ocrx_word' id='word_1_297' title='bbox 1171 2353 1398 2405; x_wconf 82' lang='lat' dir='ltr'>inferatur</span> <span class='ocrx_word' id='word_1_298' title='bbox 1425 2356 1578 2396; x_wconf 83' lang='lat' dir='ltr'>sensui</span> <span class='ocrx_word' id='word_1_299' title='bbox 1604 2356 1776 2397; x_wconf 85' lang='lat' dir='ltr'>interno</span> 
     </span>
     <span class='ocr_line' id='line_1_34' title="bbox 283 2415 1773 2471; baseline 0.001 -13"><span class='ocrx_word' id='word_1_300' title='bbox 283 2432 358 2458; x_wconf 85' lang='lat' dir='ltr'>seu</span> <span class='ocrx_word' id='word_1_301' title='bbox 389 2418 628 2471; x_wconf 80' lang='lat' dir='ltr'>spirituali</span> <span class='ocrx_word' id='word_1_302' title='bbox 666 2417 808 2465; x_wconf 79' lang='lat' dir='ltr'>Verbi,</span> <span class='ocrx_word' id='word_1_303' title='bbox 848 2429 921 2456; x_wconf 85' lang='lat' dir='ltr'>nec</span> <span class='ocrx_word' id='word_1_304' title='bbox 954 2415 1103 2468; x_wconf 82' lang='lat' dir='ltr'>quoad</span> <span class='ocrx_word' id='word_1_305' title='bbox 1135 2415 1289 2457; x_wconf 83' lang='lat' dir='ltr'>bonum</span> <span class='ocrx_word' id='word_1_306' title='bbox 1325 2431 1399 2457; x_wconf 84' lang='lat' dir='ltr'>nec</span> <span class='ocrx_word' id='word_1_307' title='bbox 1432 2418 1582 2471; x_wconf 84' lang='lat' dir='ltr'>quoad</span> <span class='ocrx_word' id='word_1_308' title='bbox 1608 2433 1773 2468; x_wconf 87' lang='lat' dir='ltr'>verum,</span> 
     </span>
     <span class='ocr_line' id='line_1_35' title="bbox 245 2476 1775 2532; baseline 0.001 -13"><span class='ocrx_word' id='word_1_309' title='bbox 245 2502 252 2506; x_wconf 90' lang='lat'><em>-</em></span> <span class='ocrx_word' id='word_1_310' title='bbox 283 2485 470 2520; x_wconf 91' lang='lat' dir='ltr'>constat</span> <span class='ocrx_word' id='word_1_311' title='bbox 501 2493 561 2520; x_wconf 84' lang='lat' dir='ltr'>ex</span> <span class='ocrx_word' id='word_1_312' title='bbox 592 2478 926 2532; x_wconf 88' lang='lat' dir='ltr'>significatione</span> <span class='ocrx_word' id='word_1_313' title='bbox 960 2476 1128 2525; x_wconf 86' lang='lat' dir='ltr'>“olei‚”</span> <span class='ocrx_word' id='word_1_314' title='bbox 1158 2478 1281 2530; x_wconf 92' lang='lat' dir='ltr'>quod</span> <span class='ocrx_word' id='word_1_315' title='bbox 1311 2479 1370 2519; x_wconf 88' lang='lat' dir='ltr'>sit</span> <span class='ocrx_word' id='word_1_316' title='bbox 1405 2478 1576 2519; x_wconf 88' lang='lat' dir='ltr'>bonum</span> <span class='ocrx_word' id='word_1_317' title='bbox 1607 2481 1775 2521; x_wconf 92' lang='lat' dir='ltr'>amoris</span> 
     </span>
     <span class='ocr_line' id='line_1_36' title="bbox 229 2537 1774 2592; baseline -0.001 -10"><span class='ocrx_word' id='word_1_318' title='bbox 229 2571 240 2582; x_wconf 86' lang='lat'><strong>.</strong></span> <span class='ocrx_word' id='word_1_319' title='bbox 284 2550 339 2584; x_wconf 82' lang='lat' dir='ltr'>(de</span> <span class='ocrx_word' id='word_1_320' title='bbox 368 2559 434 2587; x_wconf 87' lang='lat' dir='ltr'>qua</span> <span class='ocrx_word' id='word_1_321' title='bbox 462 2550 646 2590; x_wconf 85' lang='lat' dir='ltr'>sequitur);</span> <span class='ocrx_word' id='word_1_322' title='bbox 689 2553 749 2580; x_wconf 87' lang='lat' dir='ltr'>ex</span> <span class='ocrx_word' id='word_1_323' title='bbox 785 2537 1120 2591; x_wconf 86' lang='lat' dir='ltr'>significatione</span> <span class='ocrx_word' id='word_1_324' title='bbox 1159 2537 1329 2586; x_wconf 91' lang='lat' dir='ltr'>“vini,&#39;’</span> <span class='ocrx_word' id='word_1_325' title='bbox 1365 2539 1487 2592; x_wconf 92' lang='lat' dir='ltr'>quod</span> <span class='ocrx_word' id='word_1_326' title='bbox 1523 2540 1582 2580; x_wconf 90' lang='lat' dir='ltr'>sit</span> <span class='ocrx_word' id='word_1_327' title='bbox 1618 2554 1774 2581; x_wconf 88' lang='lat' dir='ltr'>verum</span> 
     </span>
     <span class='ocr_line' id='line_1_37' title="bbox 283 2599 1775 2650; baseline 0.001 -9"><span class='ocrx_word' id='word_1_328' title='bbox 283 2601 400 2642; x_wconf 91' lang='lat' dir='ltr'>illius</span> <span class='ocrx_word' id='word_1_329' title='bbox 421 2602 542 2650; x_wconf 91' lang='lat' dir='ltr'>boni,</span> <span class='ocrx_word' id='word_1_330' title='bbox 567 2614 672 2642; x_wconf 88' lang='lat' dir='ltr'>nam</span> <span class='ocrx_word' id='word_1_331' title='bbox 696 2614 830 2641; x_wconf 90' lang='lat' dir='ltr'>omne</span> <span class='ocrx_word' id='word_1_332' title='bbox 853 2600 1022 2640; x_wconf 88' lang='lat' dir='ltr'>bonurn</span> <span class='ocrx_word' id='word_1_333' title='bbox 1040 2599 1180 2640; x_wconf 88' lang='lat' dir='ltr'>habet</span> <span class='ocrx_word' id='word_1_334' title='bbox 1204 2613 1331 2641; x_wconf 90' lang='lat' dir='ltr'>suum</span> <span class='ocrx_word' id='word_1_335' title='bbox 1349 2614 1518 2650; x_wconf 89' lang='lat' dir='ltr'>verum,</span> <span class='ocrx_word' id='word_1_336' title='bbox 1538 2615 1616 2642; x_wconf 90' lang='lat' dir='ltr'>seu</span> <span class='ocrx_word' id='word_1_337' title='bbox 1639 2615 1775 2643; x_wconf 89' lang='lat' dir='ltr'>omne</span> 
     </span>
     <span class='ocr_line' id='line_1_38' title="bbox 281 2661 1775 2717; baseline -0.001 -12"><span class='ocrx_word' id='word_1_338' title='bbox 281 2677 437 2705; x_wconf 87' lang='lat' dir='ltr'>verum</span> <span class='ocrx_word' id='word_1_339' title='bbox 463 2670 533 2705; x_wconf 92' lang='lat' dir='ltr'>est</span> <span class='ocrx_word' id='word_1_340' title='bbox 559 2664 680 2712; x_wconf 92' lang='lat' dir='ltr'>boni,</span> <span class='ocrx_word' id='word_1_341' title='bbox 707 2663 811 2704; x_wconf 92' lang='lat' dir='ltr'>inde</span> <span class='ocrx_word' id='word_1_342' title='bbox 837 2661 969 2716; x_wconf 88' lang='lat' dir='ltr'>quale</span> <span class='ocrx_word' id='word_1_343' title='bbox 994 2662 1162 2702; x_wconf 92' lang='lat' dir='ltr'>bonum</span> <span class='ocrx_word' id='word_1_344' title='bbox 1189 2662 1282 2704; x_wconf 88' lang='lat' dir='ltr'>tale</span> <span class='ocrx_word' id='word_1_345' title='bbox 1307 2677 1489 2714; x_wconf 90' lang='lat' dir='ltr'>verum;</span> <span class='ocrx_word' id='word_1_346' title='bbox 1522 2670 1570 2705; x_wconf 91' lang='lat' dir='ltr'>et</span> <span class='ocrx_word' id='word_1_347' title='bbox 1596 2678 1656 2705; x_wconf 89' lang='lat' dir='ltr'>ex</span> <span class='ocrx_word' id='word_1_348' title='bbox 1683 2665 1775 2717; x_wconf 87' lang='lat' dir='ltr'>sig-</span> 
     </span>
     <span class='ocr_line' id='line_1_39' title="bbox 282 2725 1772 2780; baseline 0.001 -14"><span class='ocrx_word' id='word_1_349' title='bbox 282 2726 541 2768; x_wconf 90' lang='lat' dir='ltr'>nificatione</span> <span class='ocrx_word' id='word_1_350' title='bbox 570 2725 828 2775; x_wconf 87' lang='lat' dir='ltr'>“laedere‚&#39;&#39;</span> <span class='ocrx_word' id='word_1_351' title='bbox 850 2725 969 2779; x_wconf 92' lang='lat' dir='ltr'>quod</span> <span class='ocrx_word' id='word_1_352' title='bbox 995 2725 1053 2765; x_wconf 92' lang='lat' dir='ltr'>sit</span> <span class='ocrx_word' id='word_1_353' title='bbox 1075 2725 1290 2766; x_wconf 89' lang='lat' dir='ltr'>damnum</span> <span class='ocrx_word' id='word_1_354' title='bbox 1313 2727 1375 2767; x_wconf 89' lang='lat' dir='ltr'>eis</span> <span class='ocrx_word' id='word_1_355' title='bbox 1402 2727 1575 2768; x_wconf 85' lang='lat' dir='ltr'>inferre.</span> <span class='ocrx_word' id='word_1_356' title='bbox 1637 2726 1772 2780; x_wconf 80' lang='lat' dir='ltr'>Quod</span> 
     </span>
     <span class='ocr_line' id='line_1_40' title="bbox 282 2787 1774 2844; baseline 0 -14"><span class='ocrx_word' id='word_1_357' title='bbox 282 2791 340 2831; x_wconf 89' lang='lat' dir='ltr'>sit</span> <span class='ocrx_word' id='word_1_358' title='bbox 373 2804 530 2832; x_wconf 88' lang='lat' dir='ltr'>sensus</span> <span class='ocrx_word' id='word_1_359' title='bbox 562 2791 765 2831; x_wconf 88' lang='lat' dir='ltr'>internus</span> <span class='ocrx_word' id='word_1_360' title='bbox 797 2802 875 2829; x_wconf 91' lang='lat' dir='ltr'>seu</span> <span class='ocrx_word' id='word_1_361' title='bbox 906 2787 1148 2841; x_wconf 83' lang='lat' dir='ltr'>spiritualis</span> <span class='ocrx_word' id='word_1_362' title='bbox 1174 2788 1314 2830; x_wconf 87' lang='lat' dir='ltr'>Verbi</span> <span class='ocrx_word' id='word_1_363' title='bbox 1346 2790 1494 2844; x_wconf 92' lang='lat' dir='ltr'>quoad</span> <span class='ocrx_word' id='word_1_364' title='bbox 1527 2791 1694 2831; x_wconf 90' lang='lat' dir='ltr'>bonurn</span> <span class='ocrx_word' id='word_1_365' title='bbox 1727 2797 1774 2831; x_wconf 92' lang='lat' dir='ltr'>et</span> 
     </span>
     <span class='ocr_line' id='line_1_41' title="bbox 281 2851 1772 2907; baseline -0.001 -13"><span class='ocrx_word' id='word_1_366' title='bbox 281 2854 430 2907; x_wconf 91' lang='lat' dir='ltr'>quoad</span> <span class='ocrx_word' id='word_1_367' title='bbox 455 2867 609 2894; x_wconf 87' lang='lat' dir='ltr'>verum</span> <span class='ocrx_word' id='word_1_368' title='bbox 637 2853 709 2906; x_wconf 93' lang='lat' dir='ltr'>qui</span> <span class='ocrx_word' id='word_1_369' title='bbox 741 2852 812 2892; x_wconf 92' lang='lat' dir='ltr'>hic</span> <span class='ocrx_word' id='word_1_370' title='bbox 840 2852 884 2892; x_wconf 91' lang='lat' dir='ltr'>in</span> <span class='ocrx_word' id='word_1_371' title='bbox 910 2851 1060 2904; x_wconf 91' lang='lat' dir='ltr'>specie</span> <span class='ocrx_word' id='word_1_372' title='bbox 1091 2851 1368 2905; x_wconf 85' lang='lat' dir='ltr'>significatur</span> <span class='ocrx_word' id='word_1_373' title='bbox 1399 2867 1478 2906; x_wconf 92' lang='lat' dir='ltr'>per</span> <span class='ocrx_word' id='word_1_374' title='bbox 1506 2853 1692 2894; x_wconf 91' lang='lat' dir='ltr'>“oleum</span> <span class='ocrx_word' id='word_1_375' title='bbox 1724 2859 1772 2893; x_wconf 92' lang='lat' dir='ltr'>et</span> 
     </span>
     <span class='ocr_line' id='line_1_42' title="bbox 282 2914 1771 2968; baseline 0 -11"><span class='ocrx_word' id='word_1_376' title='bbox 282 2917 474 2967; x_wconf 83' lang='lat' dir='ltr'>vinum,”</span> <span class='ocrx_word' id='word_1_377' title='bbox 506 2923 690 2958; x_wconf 87' lang='lat' dir='ltr'>constat</span> <span class='ocrx_word' id='word_1_378' title='bbox 723 2929 782 2956; x_wconf 87' lang='lat' dir='ltr'>ex</span> <span class='ocrx_word' id='word_1_379' title='bbox 814 2929 883 2964; x_wconf 91' lang='lat' dir='ltr'>eo,</span> <span class='ocrx_word' id='word_1_380' title='bbox 911 2914 1030 2968; x_wconf 90' lang='lat' dir='ltr'>quod</span> <span class='ocrx_word' id='word_1_381' title='bbox 1063 2928 1141 2968; x_wconf 91' lang='lat' dir='ltr'>per</span> <span class='ocrx_word' id='word_1_382' title='bbox 1169 2916 1409 2957; x_wconf 87' lang='lat' dir='ltr'>“triticum</span> <span class='ocrx_word' id='word_1_383' title='bbox 1442 2923 1488 2957; x_wconf 89' lang='lat' dir='ltr'>et</span> <span class='ocrx_word' id='word_1_384' title='bbox 1521 2916 1771 2957; x_wconf 88' lang='lat' dir='ltr'>hordeum”</span> 
     </span>
    </p>
   </div>
  </div>
 </body>
</html>
