2008 3360
621 266 727 299 CAP.
750 267 828 307 vl„
852 267 988 300 vERs.
1009 256 1163 300 6.—N.
1180 256 1384 312 375[e(1.)].
1662 266 1741 312 751

253 380 672 436 praesentationem
699 380 883 422 Domini
908 395 960 423 ac
986 381 1093 423 boni
1122 382 1287 423 amoris
1312 381 1370 423 ab
1402 381 1534 436 Ipso;
1576 381 1745 423 bonum

253 446 373 486 enim
404 444 569 485 amoris
604 445 649 484 in
676 444 922 485 Dominum
954 459 980 486 a
1017 445 1215 486 Domino
1253 451 1331 496 est,
1361 445 1506 498 ipsum
1538 442 1744 485 sanetum

253 507 366 549 caeli
397 514 444 549 et
475 507 710 556 ecclesiae,
745 521 879 549 omne
911 514 1104 562 namqu‘e
1142 508 1354 549 Divinum
1386 522 1464 561 per
1494 508 1538 548 id
1574 507 1743 557 influit;

252 585 390 625 quare
430 570 507 611 illa
551 584 665 624 quae
706 571 819 612 caeli
859 578 906 612 et
947 572 1167 612 ecclesiae
1207 577 1327 620 sunt,
1366 585 1481 625 quae
1522 577 1740 611 vocantur

252 633 513 688 spiritualia,
547 639 729 674 tantum
766 633 923 675 sancta
959 641 1063 675 sunt
1100 641 1319 688 quantum
1356 648 1416 675 ex
1453 634 1532 674 illo
1568 640 1743 674 tenent.

253 696 400 738 Causa
424 697 857 750 repraesentationis
884 695 1027 738 sanffi
1054 711 1139 751 per
1157 697 1308 738 oleum
1339 697 1452 738 haec
1480 703 1577 738 est:
1612 696 1744 738 Solus

252 762 475 803 Dominus
506 762 655 816 quoad
688 762 899 803 Divinum
934 763 1195 804 Humanum
1227 770 1297 805 est
1336 763 1502 805 Unctus
1528 763 1743 812 Jelzovae,

252 838 358 866 nam
383 826 427 866 in
460 825 567 878 Ipso
593 839 652 866 ex
679 827 982 879 conceptione
1013 833 1111 868 erat
1142 828 1287 880 ipsum
1320 827 1534 867 Divinum
1568 826 1743 867 Bonum

252 888 403 929 Divini
429 888 628 937 Amoris,
657 895 703 929 et
730 902 790 929 ex
815 889 894 929 illo
916 896 1013 930 erat
1039 889 1299 930 Humanum
1323 890 1468 943 Ipsius
1490 891 1635 943 ipsum
1664 889 1744 930 Di-

251 952 403 992 vinum
436 951 607 993 Verum
639 965 741 992 cum
774 952 854 993 fuit
894 953 938 992 in
976 953 1160 1001 mundo,
1193 966 1245 993 ac
1282 953 1385 994 dein
1422 960 1505 1006 per'
1531 954 1743 994 unionem

251 1028 354 1055 cum
382 1015 487 1068 Ipso
514 1015 679 1055 Divino
705 1016 749 1055 in
777 1015 834 1056 Se
856 1015 961 1056 fecit
988 1015 1097 1056 illud
1120 1029 1297 1070 quoque
1323 1016 1537 1056 Divinum
1565 1016 1742 1057 Bonum

252 1077 403 1118 Divini
426 1077 610 1119 Amoris
628 1092 636 1128 ;
665 1084 711 1119 et
734 1079 837 1132 quia
859 1079 1010 1119 omnia
1027 1093 1142 1132 quae
1164 1078 1385 1120 ecclesiae
1401 1085 1544 1128 erant,
1564 1093 1744 1133 reprae-

252 1141 498 1182 sentabant
536 1141 700 1181 Divina
730 1155 845 1194 quae
882 1155 908 1182 a
945 1141 1157 1190 Domino,
1191 1155 1243 1182 ac
1283 1142 1328 1182 in
1368 1153 1579 1196 supremo
1610 1156 1744 1183 sensu

252 1203 406 1256 Ipsum
439 1203 698 1253 Dominum,
731 1203 847 1258 (erat
885 1206 1003 1245 enim
1035 1204 1229 1246 ecclesia
1263 1205 1380 1259 apud
1417 1205 1532 1246 filios
1565 1206 1744 1247 Israelis

251 1266 462 1308 instituta
492 1266 687 1308 ecclesia
718 1261 1143 1321 repraesentativa‚)
1177 1268 1279 1309 ideo
1310 1268 1474 1318 oleum,
1507 1283 1587 1323 per
1622 1271 1743 1323 quod

251 1329 589 1382 significabatur
611 1330 825 1371 Divinum
850 1330 1025 1370 Bonum
1049 1330 1199 1371 Divini
1221 1330 1419 1379 Amoris,
1443 1332 1744 1374 adhibebatur

251 1393 308 1432 ad
334 1393 638 1434 inducendum
665 1394 1134 1447 repraesentationes;
1167 1407 1218 1434 ac
1241 1400 1482 1448 postquam
1505 1394 1640 1436 uncta
1665 1402 1743 1437 aut

251 1454 373 1496 unffi
409 1456 601 1505 fuerunt,
626 1457 1031 1497 considerabantur
1061 1463 1109 1497 ut
1142 1455 1298 1498 sancta
1329 1464 1406 1498 aut
1443 1457 1613 1509 san&i;
1652 1473 1742 1500 non

250 1518 371 1572 quod
393 1519 542 1573 aliqua
564 1517 786 1560 sanffltas
808 1533 887 1573 per
909 1519 952 1559 id
974 1519 1060 1560 illis
1082 1520 1266 1569 inesset,
1287 1521 1365 1561 sed
1384 1521 1503 1575 quod
1523 1520 1742 1563 sanffltas

250 1583 294 1623 in
317 1582 446 1624 caelo
469 1597 548 1637 per
568 1583 612 1623 id
637 1589 1058 1636 repraesentaretur
1079 1596 1181 1624 cum
1203 1584 1247 1624 in
1274 1583 1399 1625 cultu
1421 1592 1564 1626 erant.
1613 1585 1740 1627 Haec

215 1686 221 1688 γ
249 1643 370 1686 dieta
387 1652 491 1686 sunt
510 1651 558 1686 ut
577 1647 745 1687 sciatur
764 1646 884 1699 quod
903 1645 1090 1687 “oleum
1102 1646 1122 1661 ”
1135 1646 1358 1700 significet
1377 1647 1544 1689 bonum
1564 1650 1741 1689 amoris.

338 1712 419 1770 [e.]
464 1712 554 1755 Sed
594 1720 643 1755 ut
680 1713 767 1754 hoc
800 1713 958 1754 melius
994 1720 1168 1767 pateat,
1202 1713 1336 1757 velim
1372 1715 1528 1757 ordine
1565 1716 1743 1770 singula

251 1789 499 1830 exponere,
525 1789 703 1830 nempe,

579 1863 633 1910 [i.]
669 1864 783 1909 Quod
810 1865 983 1908 antiquis
1015 1864 1243 1909 temporibus
1274 1867 1460 1900 unxerint
1491 1867 1566 1901 oleo
1598 1867 1744 1912 lapides

721 1912 856 1945 ereltos
872 1913 914 1944 in
930 1915 1105 1952 statuas,-

565 1977 634 2023 [ii.]
676 1978 772 2012 Tum
789 1977 892 2022 quod
903 1989 1016 2011 arma
1033 1977 1129 2018 belli,
1147 1982 1191 2012 ut
1205 1982 1311 2013 scuta
1329 1982 1366 2014 et
1380 1980 1542 2025 clzszeosf

550 2044 633 2090 [iii.]
667 2044 727 2078 Ac
744 2046 874 2089 postea
893 2044 1020 2078 altare
1042 2047 1078 2078 et
1101 2046 1230 2079 omnia
1246 2045 1330 2090 ejus
1344 2057 1450 2086 vasa,
1469 2058 1515 2081 ac
1535 2044 1742 2082 tentorium

718 2094 920 2125 conventus
936 2094 973 2124 et
987 2092 1115 2125 omnia
1132 2103 1228 2136 quae
1244 2093 1367 2134 inibi,-

553 2153 633 2203 [iv.]
666 2157 726 2191 Ac
742 2159 946 2202 praeterea
973 2156 1057 2191 illos
1072 2158 1145 2202 qui
1163 2158 1371 2200 sacerdotio
1383 2160 1665 2206 fungerentur,
1683 2172 1740 2196 eo-

716 2215 876 2249 rumque
893 2208 1009 2238 vestes
1018 2217 1034 2244 ,-

568 2269 633 2315 [v.]
667 2270 722 2304 Et
738 2281 880 2315 quoque
890 2269 1126 2315 prophetas,-

551 2336 631 2382 [vi.]
664 2337 720 2371 Et
734 2337 886 2371 tandem
904 2347 1019 2382 reges,
1037 2338 1109 2381 qui
1121 2337 1209 2372 inde
1225 2342 1246 2356 “
1256 2339 1391 2373 unct?
1408 2340 1644 2375 dicebantur.

533 2402 630 2448 [vii.]
667 2403 779 2448 Quod
795 2405 911 2437 etiam
929 2414 999 2437 usu
1015 2406 1208 2438 communi
1219 2408 1409 2451 receptum
1425 2407 1562 2453 fuerit
1577 2411 1691 2441 semet
1706 2411 1743 2446 et

715 2451 811 2484 alios
835 2461 984 2495 ungere,
1011 2450 1068 2484 ad
1086 2452 1362 2496 testificandum
1388 2455 1519 2488 animi
1545 2450 1739 2488 laetitiam

718 2501 755 2531 et
770 2497 1072 2532 benevolentiam.

519 2562 630 2610 [viii]
663 2563 718 2597 Et
733 2563 833 2607 quod
846 2562 935 2596 inde
944 2564 1091 2607 pateat,
1105 2564 1209 2608 quod
1221 2569 1242 2582 “
1251 2565 1369 2600 oleum
1384 2565 1404 2577 '⁹
1418 2567 1461 2600 in
1487 2567 1604 2601 Verbo
1616 2569 1741 2613 signi-

704 2611 797 2654 ficet
809 2610 942 2644 bonum
953 2623 970 2650 ,·
991 2615 1010 2628 “
1020 2610 1138 2645 oleum
1151 2612 1402 2652 saniiz'tatis,”
1414 2614 1517 2658 quod
1518 2616 1741 2659 praepara-

717 2661 798 2691 tum
818 2660 904 2690 erat
916 2659 994 2701 pro
1010 2658 1183 2703 ungendo
1204 2659 1275 2693 illa
1301 2671 1397 2704 quae
1413 2662 1648 2695 inservirent
1664 2664 1742 2706 pro

716 2704 820 2738 cultu
830 2705 872 2737 in
881 2703 1044 2743 ecclesia,
1052 2705 1243 2740 Divinum
1252 2707 1402 2741 Bonum
1413 2708 1538 2741 Divin
1542 2709 1601 2742 iA
1606 2710 1742 2748 moris:

713 2754 750 2785 et
767 2751 915 2785 “oleum
926 2750 946 2762 '⁹
963 2752 1006 2785 in
1016 2762 1165 2797 genere,
1179 2753 1313 2787 bonum
1331 2758 1367 2788 et
1385 2755 1468 2799 ejus
1473 2755 1708 2800 jucundum.

331 2847 399 2904 (i.)
443 2848 577 2904 Quod
594 2850 785 2903 primum
801 2849 983 2898 attinet,
1005 2848 1132 2899 Quod
1147 2851 1358 2893 unxerint
1377 2851 1550 2905 lapides
1566 2853 1730 2894 ereetos

244 2911 290 2952 in
315 2919 504 2962 statuas,
533 2918 717 2954 constat
745 2912 789 2952 in
816 2911 951 2952 Libro
979 2911 1201 2963 Geneseos,
