2008 3360
620 323 728 356 CAP.
750 323 830 364 vx„
852 323 993 357 vens·
1015 322 1160 355 2.-Ν,
1185 311 1361 367 357[d].
1650 308 1736 366 697

242 439 372 488 patet
408 435 516 488 quid
558 435 629 476 hic
655 450 754 490 ,per
790 436 868 477 illa
903 436 1041 477 verba
1086 434 1378 489 significatur,
1415 433 1536 488 quod
1573 445 1736 487 nempe

242 496 387 537 malus
418 498 637 539 irascatur
665 499 777 548 Deo,
806 499 1007 553 gladium
1034 499 1117 540 sibi
1143 504 1291 547 acuat,
1318 510 1472 538 arcum
1500 497 1662 537 tendat
1687 501 1735 538 et

240 559 407 613 dirigat
430 574 546 609 eum,
573 569 810 615 praeparet
829 576 937 603 vasa
955 563 1128 611 mortis,
1149 568 1195 602 et
1218 561 1311 602 tela
1337 574 1416 600 sua
1439 560 1648 601 ardentia
1669 559 1734 600 fa·-

241 622 332 664 ciat
352 636 362 674 3
390 636 469 676 per
485 624 606 677 quod
626 628 798 665 “acuat
816 624 1018 678 gladium
1033 624 1053 639 ''
1068 623 1346 678 significatur
1362 623 1482 677 quod
1500 627 1735 676 comparet

240 686 324 727 sibi
342 686 502 727 falsum
518 700 596 740 per
618 687 738 740 quod
761 694 934 741 pugnet
958 693 1118 728 contra
1139 700 1271 737 vera;
1304 699 1383 740 per
1404 686 1523 739 quod
1545 689 1734 725 “arcum

241 748 404 789 tendat
434 755 482 789 et
515 749 681 802 dirigat
714 750 856 796 eum‚”
887 749 1167 803 significatur
1197 749 1318 803 quod
1354 762 1415 789 ex
1446 747 1569 789 falsis
1600 747 1734 788 saciat

241 811 324 852 sibi
350 810 603 852 doctrinam
629 819 790 853 contra
815 827 948 863 vera;
989 818 1037 853 et
1069 826 1147 866 per
1177 811 1297 866 quod
1326 815 1604 865 “praeparet
1627 823 1735 851 vasa

241 875 414 922 mortis,
439 881 486 915 et
509 874 603 915 tela
629 889 709 915 sua
733 876 941 916 ardentia
963 875 1139 924 faciat,”
1161 874 1440 928 significatur
1466 874 1586 927 quod
1613 873 1734 927 prin-

240 938 357 991 cipia
378 937 477 978 falsi
503 938 586 978 sibi
608 938 743 979 faciat
770 952 829 979 ex
861 952 1014 979 amore
1046 937 1250 979 infernali
1276 951 1355 991 per
1380 951 1494 991 quae
1526 937 1734 977 destruat

240 1000 410 1041 bonum
436 1007 482 1042 et
510 1000 603 1054 ejus
630 1015 748 1042 vera.
812 1001 863 1042 In
899 1001 1099 1050 lerenis,

317 1094 495 1127 Dominus
511 1097 533 1110 ‘⁸
545 1096 696 1128 tetendit
711 1106 832 1127 arcum
850 1106 953 1128 suum
972 1097 1062 1128 sicut
1079 1096 1203 1134 hostis,
1219 1096 1382 1128 constitit
1397 1096 1523 1127 dextra
1540 1094 1627 1135 Ejus
1642 1094 1735 1127 siout

414 1139 592 1178 inimicus,
612 1140 742 1172 occidit
758 1140 879 1171 omnia
892 1140 1143 1172 desiderabilia
1158 1140 1342 1171 oculorum
1355 1139 1374 1151 ”
1391 1139 1440 1180 (ii.
1453 1141 1506 1179 4):

241 1230 312 1271 hic
335 1243 522 1284 -quoque
554 1230 807 1271 tribuuntur
839 1230 1036 1271 Domino
1067 1230 1227 1271 similia
1257 1244 1318 1271 ex
1351 1229 1481 1270 simili
1514 1243 1647 1270 causa
1670 1226 1734 1270 'de

239 1307 328 1348 qua
359 1306 475 1334 nunc
509 1307 667 1346 supra3
705 1293 824 1346 quod
854 1293 1051 1333 “tendat
1083 1306 1234 1334 arcum
1269 1307 1394 1333 suum
1427 1293 1541 1333 sicut
1574 1292 1731 1341 hostis,

239 1362 286 1396 et
301 1356 522 1396 consistat
537 1355 703 1396 dextra
718 1355 825 1408 Ejus
841 1356 954 1396 sicut
970 1355 1211 1404 inimicus,”
1223 1355 1446 1409 significat
1462 1356 1582 1409 quod
1598 1355 1733 1396 homo

241 1418 385 1459 malus
416 1418 460 1459 id
492 1419 575 1459 sibi
606 1418 754 1466 faciat,
783 1431 944 1471 nempe
976 1419 1095 1471 quod
1126 1418 1345 1459 defendat
1376 1418 1543 1458 malum
1576 1424 1735 1459 contra

240 1481 408 1522 bonum
434 1488 481 1523 et
506 1481 665 1522 falsum
693 1488 852 1522 contra
877 1495 1030 1521 verum
1057 1480 1149 1534 ejus
1176 1495 1234 1522 ex
1262 1479 1468 1522 doctrina
1493 1494 1626 1535 quam
1652 1481 1734 1522 sibi

240 1542 373 1585 finxit
405 1558 463 1585 ex
497 1545 675 1598 propria
714 1544 1018 1596 intelligentia
1049 1551 1095 1584 et
1128 1543 1410 1598 confirmavit
1443 1558 1521 1597 per
1552 1557 1732 1601 sensum

240 1606 419 1647 litterae
442 1606 608 1657 Verbi';
640 1620 744 1647 nam
770 1608 812 1647 in
845 1606 1034 1647 lerenis
1056 1607 1205 1659 agitur
1229 1607 1285 1647 de
1308 1608 1564 1647 vastatione
1590 1607 1734 1659 omnis

182 1695 190 1696 ff
240 1670 346 1710 boni
369 1677 418 1711 et
441 1671 586 1710 omnis
609 1671 700 1710 veri
723 1670 840 1723 apud
867 1677 1052 1722 gentem
1074 1669 1306 1722 Judaicam
1330 1677 1513 1723 propter
1534 1670 1732 1723 applica-

241 1733 412 1773 tionem
438 1747 595 1774 sensus
623 1733 802 1774 litterae
830 1732 968 1773 Verbi
990 1733 1047 1772 ad
1074 1732 1271 1773 savorem
1299 1746 1478 1773 suorum
1504 1747 1732 1789 amorum;

240 1800 406 1837 “arcus
421 1796 440 1811 ”
466 1797 524 1836 ibi
550 1803 620 1837 est
647 1794 854 1836 doctrina
876 1795 972 1836 salsi
999 1796 1116 1844 inde,
1142 1795 1322 1836 “hostis
1336 1796 1355 1810 ”
1380 1803 1450 1836 est
1478 1796 1659 1843 malum.
1686 1803 1733 1838 et

241 1860 482 1900 “inimicus
493 1859 514 1874 ”
536 1866 604 1900 est
622 1859 808 1909 falsum;
841 1859 960 1912 quod
983 1859 1087 1899 inde
1111 1859 1288 1912 perierit
1307 1860 1451 1899 omnis
1475 1858 1732 1901 intellesfitus

238 1923 330 1963 veri
348 1929 394 1963 et
413 1923 532 1970 boni,
550 1921 826 1975 significatur
845 1936 922 1975 per
937 1922 1056 1975 quod
1074 1925 1100 1941 ⁴⁶
1114 1921 1333 1962 Dominus
1351 1922 1566 1963 occiderit
1584 1924 1734 1964 omnia

237 1985 552 2041 desiderabilia
565 1985 795 2026 oculorum
813 1984 847 2034 ;’‘
875 1984 1227 2024 “desiderabilia
1241 1984 1472 2025 oculorum
1485 1985 1504 2000 '’
1518 1992 1621 2026 sunt
1639 1999 1734 2027 om—

239 2048 313 2088 nia
333 2061 448 2101 quae
471 2054 574 2088 sunt
601 2047 931 2100 intelligentiae
954 2054 1000 2087 et
1025 2048 1286 2100 sapientiae.
1348 2047 1485 2101 Apud
1506 2048 1674 2098 Mosen,

308 2144 332 2157 ‘⁴
343 2142 443 2184 Ignis
456 2152 627 2174 accensus
638 2149 693 2174 est
707 2144 741 2174 in
757 2144 808 2174 ira
821 2153 910 2179 mea.
923 2167 929 2174 .
945 2167 952 2174 .
966 2149 1017 2174 ,et
1031 2143 1196 2174 comedet
1209 2149 1340 2174 terram
1356 2150 1393 2175 et
1410 2151 1622 2184 proventum
1640 2145 1730 2186 ejus,

412 2193 449 2218 et
473 2187 709 2218 inflammabit
725 2187 958 2218 fundamenta
975 2187 1149 2217 montium
1165 2196 1173 2223 ;
1197 2189 1379 2219 evacuabo
1402 2198 1511 2228 super
1528 2189 1598 2220 illis
1623 2189 1729 2226 mala,

411 2230 562 2271 sagittas
582 2240 681 2262 meas
697 2239 907 2261 consumam
924 2230 960 2261 in
979 2230 1021 2261 iis
1033 2229 1053 2241 '’
1069 2229 1208 2270 (θεαῖν.
1223 2231 1332 2262 xxxii.
1348 2239 1400 2269 22,
1417 2232 1490 2271 23):

238 2323 350 2364 haec
372 2323 417 2363 in
440 2322 631 2364 Cantico
654 2322 808 2370 Mosis,
833 2323 875 2362 in
899 2335 986 2375 quo
1009 2322 1157 2375 agitur
1175 2323 1234 2364 de
1256 2330 1396 2376 gente
1421 2324 1671 2364 Israelitica-
1683 2331 1731 2373 et

235 2385 436 2439 judaica,
460 2392 506 2426 et
533 2386 800 2426 describitur
825 2384 980 2438 quales
1005 2386 1272 2440 suntsscorde
1298 2400 1392 2435 suo,
1420 2388 1540 2440 quod
1568 2400 1728 2440 nempe

236 2449 357 2503 apud
389 2448 490 2489 illos
523 2448 633 2488 nihil
666 2448 896 2494 ecclesiae,
925 2448 1026 2500 quia
1052 2461 1172 2489 mere
1198 2449 1356 2490 falsum
1383 2464 1442 2490 ex
1469 2450 1614 2500 malo;
1653 2463 1731 2503 per

239 2516 445 2553 “terram
471 2518 517 2553 et
543 2517 813 2565 proventum
838 2509 962 2563 ejus”
984 2524 1097 2564 quae
1123 2512 1430 2561 comedentur,
1455 2512 1730 2566 significatur

236 2574 429 2616 ecclesia
459 2588 510 2615 ac
538 2587 672 2615 omne
698 2586 851 2614 verum
883 2579 929 2613 et
956 2573 1123 2614 bonum
1153 2574 1261 2627 ejus,
1289 2589 1367 2628 per
1395 2575 1629 2615 “terram’'
1654 2588 1728 2616 ec-

237 2636 390 2686 clesia,
423 2644 470 2678 et
502 2651 580 2691 per
615 2635 952 2690 “proventum''
982 2649 1116 2677 omne
1147 2651 1301 2678 verum
1332 2644 1379 2678 et
1412 2638 1577 2678 bonum
1610 2637 1728 2690 ejus;

239 2713 319 2753 per
344 2699 676 2740 “fundamenta
702 2697 955 2739 montium”
980 2712 1093 2751 quae
1125 2699 1532 2750 inflammabuntur,
1561 2700 1727 2753 signifi-

237 2768 398 2803 cantur
422 2776 528 2803 vera
554 2776 685 2815 super
706 2761 863 2815 quibus
890 2760 1131 2802 fundantur
1155 2762 1274 2802 bona
1304 2763 1483 2810 amoris,
1511 2764 1553 2802 in
1580 2763 1728 2816 specie

237 2838 343 2865 vera
368 2817 529 2866 sensus*
551 2826 730 2865 litterae
757 2823 911 2871 Verbi,
939 2824 1149 2877 quoniam
1176 2824 1253 2864 illa
1278 2831 1381 2866 sunt
1408 2825 1726 2880 fundamenta;

237 2900 315 2940 per
337 2888 526 2928 “mala’‘
548 2901 662 2942 quae
689 2900 820 2939 super
841 2886 892 2926 iis
914 2886 1264 2936 evacuabuntur,
1288 2893 1335 2928 et
1360 2901 1438 2940 per
1462 2889 1693 2940 “sagittas
1704 2887 1726 2904 ”

235 2963 351 3003 quae
388 2956 709 2992 consumentur
744 2962 875 3002 super
910 2949 975 2997 iis,
1007 2948 1284 3002 significatur
1315 2950 1434 3003 quod
1472 2951 1727 2992 imbuentur
