2008 3360
282 337 369 380 700
698 335 1032 369 APOCALYPSIS
1064 335 1364 368 EXPLICATA.

287 449 480 503 clipeum
513 462 613 491 cum
646 463 751 491 arcu
783 456 828 491 et
862 462 962 490 cum
995 448 1111 496 teliS,
1140 455 1186 490 et
1219 463 1319 490 curn
1351 449 1514 491 baculo
1541 463 1700 490 manus
1730 455 1777 491 et

285 526 385 553 cum
405 513 536 553 hasta
554 513 587 559 ;”
613 526 690 566 per
710 513 1027 553 “habitatores
1047 512 1218 552 urbium
1238 512 1414 553 Israelis
1427 513 1446 528 ’¹
1464 513 1779 566 intelliguntur

284 576 357 628 qui
380 576 422 615 in
442 573 676 616 affectione
694 576 783 616 veri
806 589 864 615 ex
888 575 1009 615 bono
1028 580 1145 622 sunt,
1165 574 1250 615 hoc
1269 583 1352 623 est,
1371 576 1415 616 in
1433 573 1667 616 affectione
1687 576 1778 616 veri

285 637 501 690 spirituali
519 645 572 679 vet
599 638 703 679 inde
728 639 770 678 in
794 635 997 678 doctrina
1023 637 1203 690 genuini
1226 638 1343 688 veri;
1376 651 1453 691 per
1477 638 1776 679 “comburere

285 700 439 740 arma’'
456 701 731 754 significatur
748 701 999 753 exstirpare
1017 699 1127 740 falsa
1144 697 1289 741 omnis
1308 702 1484 754 generis
1501 715 1509 750 3
1543 715 1620 754 per
1639 705 1663 721 ·‘
1677 714 1776 741 scu-

286 769 381 803 tum
394 763 412 778 '’
427 764 585 804 falsum
598 764 833 804 destruens
848 763 1015 802 bonum
1034 776 1043 812 ;
1067 776 1144 816 per
1157 765 1181 782 “
1195 762 1384 816 clipeum
1397 763 1415 778 ”
1429 763 1587 804 salsum
1599 763 1776 804 destru-

286 839 366 866 ens
384 840 536 867 verum
555 841 563 876 ;
597 840 674 880 per
693 830 717 846 ‘⁴
730 838 880 866 arcum
906 838 1007 865 cum
1031 825 1133 866 telis
1144 825 1163 840 ”
1181 824 1384 866 doetrina
1402 839 1501 866 cum
1520 827 1608 866 suis
1630 826 1777 876 salsis;

287 902 366 942 per
389 889 632 930 “baculum
656 888 844 930 manus’'
867 894 913 929 et
938 888 1185 929 “hastam‘'
1206 888 1483 941 significatur
1505 889 1710 942 potentia
1732 895 1778 929 et

288 950 562 992 confidentia
594 952 783 1005 propria,
811 950 966 1004 quales
998 957 1101 992 sunt
1133 950 1218 991 illis
1249 952 1321 1005 qui
1353 952 1396 992 in
1428 959 1622 992 externo
1654 950 1778 991 cultu

289 1021 461 1066 ponunt
494 1028 627 1055 omne
659 1014 877 1055 ecclesiae
909 1019 955 1054 et
987 1013 1090 1054 inde
1121 1013 1304 1064 salutis;
1342 1014 1460 1068 quod
1489 1013 1778 1054 “accendent

256 1131 259 1133 Β
288 1076 374 1118 illis
401 1078 551 1130 ignem
579 1084 754 1130 septem
781 1076 940 1116 annis”
963 1075 1184 1129 significat
1207 1077 1327 1130 quod
1352 1076 1464 1125 salsa
1489 1083 1535 1117 et
1561 1076 1680 1116 mala
1704 1075 1780 1116 illa

289 1153 467 1193 prorsus
499 1141 875 1192 exstinguentur;
919 1142 1135 1192 “septem
1167 1139 1301 1180 anni'’
1328 1139 1582 1192 significant
1615 1140 1778 1187 omnia,

288 1200 476 1254 plenum
502 1207 548 1241 et
575 1214 756 1254 prorsus
782 1210 941 1248 (videatur
955 1219 1060 1248 supra.
1076 1219 1107 1241 n.
1124 1209 1218 1252 257,
1236 1209 1381 1252 [¹1300).

367 1264 500 1318 358.
539 1263 617 1303 “ft
637 1263 734 1302 data
761 1266 829 1303 est
857 1261 939 1316 [ei]
974 1262 1361 1316 corona.''—Quod
1388 1261 1613 1316 significet
1638 1262 1781 1303 vitam

287 1331 511 1365 aeternam
528 1338 638 1378 quae
653 1323 863 1364 vic‘loriae
881 1323 1145 1376 praemium,
1166 1332 1346 1365 constat
1370 1338 1428 1364 ex
1453 1323 1779 1376 significatione

291 1387 561 1436 “coronae,”
584 1401 683 1428 cum
710 1388 858 1440 agitur
881 1387 937 1428 de
963 1400 1115 1440 pugna
1141 1387 1370 1440 spirituali,
1395 1394 1442 1428 ut
1470 1387 1554 1435 hic,
1578 1386 1696 1440 quod
1723 1386 1780 1427 sit

288 1451 382 1491 vita
412 1458 597 1491 aeterna
628 1464 740 1503 quae
772 1448 985 1491 victoriae
1017 1451 1274 1503 praemium.
1351 1449 1484 1502 Quod
1519 1450 1587 1490 hic
1619 1455 1781 1502 agatur

289 1513 345 1554 de
368 1522 519 1567 pugna
542 1513 770 1566 spirituali,
796 1519 978 1554 constat
1001 1526 1060 1553 ex
1082 1512 1457 1553 antecedentibus
1479 1519 1524 1553 et
1552 1511 1780 1565 sequenti-

289 1577 397 1627 bus;
434 1577 477 1616 in
510 1576 884 1616 antecedentibus
916 1576 1078 1616 dicitur
1109 1576 1228 1630 quod
1260 1575 1470 1616 “Sedens
1502 1589 1633 1628 super
1664 1588 1780 1628 equo

289 1639 394 1680 albo
421 1639 606 1679 haberet
633 1638 822 1686 arcum,”
848 1645 894 1679 et
926 1652 1004 1692 per
1032 1638 1253 1679 “arcum’'
1279 1637 1554 1691 significatur
1580 1635 1782 1678 doctrina

290 1702 523 1743 charitatis
545 1709 590 1742 et
618 1701 732 1748 fidei,
756 1715 814 1742 ex
838 1716 924 1755 qua
946 1708 1171 1756 pugnatur
1193 1708 1351 1742 contra
1374 1701 1491 1742 mala
1516 1708 1561 1742 et
1587 1700 1711 1748 salsa,
1735 1706 1781 1741 et

290 1765 562 1818 dissipantur
579 1765 655 1805 illa
672 1779 680 1815 ;
707 1772 752 1805 et
772 1779 947 1818 quoque
965 1779 1023 1806 ex
1048 1764 1352 1818 sequentibus,
1371 1765 1414 1804 in
1433 1764 1590 1818 quibus
1607 1763 1781 1811 dicitur,

292 1828 392 1869 “Et
430 1829 570 1868 exivit
602 1829 784 1868 vincens
822 1835 867 1868 et
906 1834 954 1868 ut
986 1826 1225 1875 vinceret‚“
1257 1840 1335 1880 per
1365 1840 1477 1880 quae
1509 1825 1783 1879 significatur

290 1890 476 1932 victoria
498 1905 627 1944 super
645 1891 745 1940 illa;
778 1891 882 1931 inde
904 1904 981 1944 per
1000 1894 1251 1931 “coronam
1266 1889 1284 1904 ’'
1307 1890 1375 1930 hic
1399 1889 1674 1942 significatur
1691 1889 1784 1928 vita

290 1961 477 1995 aeterna
508 1968 621 2008 quae
653 1952 864 1994 victoriae
896 1953 1155 2007 praemium.
1217 1951 1369 1993 Simile
1401 1951 1676 2006 significatur
1707 1964 1784 2004 per

293 2016 574 2058 “coronam”
593 2017 664 2057 ubi
682 2017 829 2069 agitur
845 2016 902 2057 de
922 2016 1262 2063 tentationibus,
1278 2016 1486 2068 quoniam
1507 2015 1784 2055 tentationes

292 2086 395 2120 sunt
414 2092 591 2133 pugnae
609 2079 875 2132 spirituales,
895 2086 943 2120 ut
961 2079 1005 2119 in
1024 2079 1171 2132 capite
1190 2078 1388 2118 secundo
1410 2076 1536 2130 hujus
1555 2077 1690 2125 Libri,
1710 2076 1784 2117 ubi

294 2142 433 2183 haec:

360 2233 383 2247 ¹⁴
396 2231 487 2264 Ecce
503 2231 662 2264 futurum
676 2237 715 2263 ut
728 2231 898 2272 conjiciat
911 2242 956 2263 ex
967 2231 1072 2263 vobis
1084 2231 1251 2262 diabolus
1265 2230 1302 2261 in
1316 2229 1517 2261 custodiam
1530 2234 1568 2260 ut
1581 2227 1781 2267 tentemini,

466 2282 501 2307 et
518 2275 695 2307 habebitis
712 2274 943 2306 afflidtionem
960 2275 1086 2307 diebus
1103 2274 1226 2306 decem
1241 2283 1248 2311 ;
1273 2279 1351 2305 esto
1369 2273 1483 2305 fidelis
1500 2282 1611 2314 usque
1628 2272 1673 2303 ad
1690 2280 1785 2303 mor-

466 2325 551 2358 tem,
571 2325 606 2350 et
622 2319 716 2350 dabo
733 2318 796 2350 tibi
814 2328 986 2350 coronam
1004 2318 1100 2349 vitae
1110 2317 1128 2330 '¹
1146 2317 1250 2358 (vers,
1268 2317 1339 2357 10):

292 2408 412 2462 quod
443 2407 502 2448 ibi
536 2420 614 2461 per
647 2406 930 2447 “coronam”
962 2405 1238 2459 significetur
1268 2405 1488 2458 sapientia
1519 2410 1564 2445 et
1596 2403 1785 2444 felicitas

293 2475 496 2518 aeterna,
510 2468 719 2509 videatur
733 2481 867 2521 supra
883 2479 927 2516 (n.
945 2468 1055 2517 126):
1084 2467 1308 2520 sapientia
1323 2473 1368 2507 et
1384 2466 1578 2506 felicitas
1596 2471 1785 2505 aeterna

294 2530 424 2571 simul
446 2536 652 2583 sumptae
674 2535 778 2569 sunt
796 2530 889 2569 vita
911 2536 1111 2577 aeterna,
1131 2541 1233 2569 nam
1256 2529 1299 2568 in
1318 2528 1538 2580 sapientia
1555 2533 1601 2567 et
1623 2526 1666 2566 in
1689 2525 1784 2566 feli-

294 2595 432 2635 citate
464 2600 648 2634 aeterna
679 2599 748 2632 est
780 2593 876 2645 ipsa
907 2593 1001 2633 vita
1032 2591 1157 2633 caeli.
1218 2590 1370 2632 Simile
1402 2589 1675 2643 significatur
1706 2602 1785 2642 per

295 2655 578 2698 “coronam’'
601 2662 862 2708 martyrum,
886 2656 1096 2709 quoniam
1119 2655 1181 2696 illi
1207 2655 1250 2695 in
1272 2652 1512 2695 affliffione
1538 2652 1712 2693 fuerunt
1738 2657 1785 2693 et

293 2719 447 2760 fideles
484 2732 622 2772 usque
658 2718 715 2758 ad
754 2725 960 2767 mortem,
999 2725 1045 2759 et
1083 2731 1259 2771 quoque
1294 2716 1339 2757 in
1376 2714 1702 2756 tentationibus
1739 2720 1785 2755 et

292 2783 520 2832 vicerunt3
554 2782 689 2823 etiam
715 2781 801 2821 illis
833 2788 935 2834 post
963 2787 1155 2822 mortem
1182 2780 1315 2820 datae
1341 2785 1444 2819 sunt
1471 2790 1677 2825 coronae,
1705 2776 1784 2817 sed

294 2858 350 2886 ne
372 2845 588 2885 honorem
612 2844 692 2884 sibi
719 2844 821 2884 inde
844 2850 1122 2896 arrogarent,
1147 2850 1192 2883 et
1215 2842 1276 2882 sic
1299 2841 1580 2882 attraherent
1602 2839 1780 2888 fastum,

293 2908 544 2962 rejecerunt
575 2907 673 2948 illas
705 2921 729 2948 e
760 2907 908 2960 capite
940 2920 1033 2946 suo.
1094 2905 1211 2958 Quia
1241 2917 1318 2958 per
1345 2902 1530 2943 “bella''
1556 2902 1599 2942 in
1629 2901 1784 2942 Verbo

294 2970 602 3024 significantur
638 2969 758 3010 bella
793 2969 838 3009 in
875 2968 1094 3022 spirituali
1130 2981 1278 3016 sensu,
1313 2979 1427 3020 quae
1463 2970 1567 3005 sunt
1604 2976 1785 3018 pugnae
