2008 3360
264 362 367 393 1012
670 360 1001 394 APOCALYPSIS
1033 360 1331 393 EXPLICATA.

258 472 453 513 Verum:
487 473 603 526 apud
630 473 729 514 illos
755 473 873 514 enim
898 473 1072 513 suerunt
1099 486 1188 513 non
1215 473 1297 513 nisi
1319 485 1451 526 quam
1479 471 1745 513 traditiones

258 548 400 576 vanae
432 550 490 576 ex
522 550 654 576 sensu
686 536 863 576 litterae
895 535 1049 584 Verbi,
1082 536 1125 575 in
1157 536 1313 589 quibus
1344 536 1440 587 ipsa
1471 548 1575 575 vera
1606 533 1744 575 Verbi

259 596 498 637 falsificata
518 603 564 637 et
587 598 707 637 bona
728 595 988 637 adulterata
1008 596 1201 637 suerunt.
1260 606 1371 645 (Quod
1387 603 1555 635 “ultima''
1570 605 1745 643 significent

259 655 375 689 omnia,
391 660 422 683 et
441 657 526 684 unde
548 656 618 690 hoc.
635 656 778 684 videatur
798 655 830 684 in
845 655 985 684 Arcanis
1004 655 1199 689 Caelestibus,
1214 664 1245 684 n.
1258 655 1326 691 634,
1343 657 1432 691 5897,
1447 654 1536 691 6239,
1552 654 1641 690 6451,
1656 653 1746 691 6465,

259 697 381 736 [¹19216,
397 702 485 737 9824,
502 703 591 737 9828,
607 701 695 737 9836,
712 707 800 737 9905,
819 708 926 736 10044,
945 707 1051 736 10099,
1070 708 1176 736 10329,
1195 707 1301 737 10335‚
1320 700 1440 736 10548.)

337 745 548 798 418[a].
587 746 851 785 “Retinentes
867 748 1042 798 quatuor
1058 748 1194 785 ventos
1209 743 1583 796 tet-rae.''——Quod
1605 743 1744 796 signi-

259 804 363 846 ficet
400 807 697 846 remissionem
735 805 930 860 influxus
965 806 1070 860 ejus,
1108 812 1289 847 constat
1325 820 1383 846 ex
1421 804 1745 858 significatione

262 870 488 921 “quatuor
505 875 740 909 ventorum
759 867 943 917 terrae,‘’
959 868 1078 922 quod
1101 869 1157 909 sit
1175 882 1307 909 omne
1327 868 1536 908 Divinum
1559 868 1602 907 in
1621 866 1747 907 03010

261 938 316 976 (de
331 948 395 976 qua
407 939 561 977 sequitur)
580 943 588 979 ;
620 935 666 969 et
688 942 747 969 ex
770 928 1102 981 significatione
1127 930 1359 970 “retinere
1382 927 1526 976 illos,''
1547 927 1667 980 quod
1690 928 1746 967 sit

260 991 490 1030 remittere
514 990 729 1030 influxum
752 989 869 1042 ejus:
903 990 982 1030 sed
1009 990 1112 1044 quid
1138 990 1404 1043 intelligitur
1426 1003 1504 1042 per
1525 988 1746 1029 remissio-

262 1065 364 1092 nem
397 1052 588 1092 influxus
626 1052 775 1092 Divini
812 1053 855 1092 in
888 1052 1028 1102 caelo,
1061 1066 1192 1093 nemo
1223 1054 1334 1093 scire
1372 1058 1523 1105 potest
1561 1051 1643 1091 nisi
1680 1050 1747 1091 cui

261 1115 509 1156 revelatum
535 1122 618 1164 est,
642 1122 688 1156 et
715 1122 1043 1169 consequenter
1069 1128 1150 1156 nec
1177 1116 1275 1156 sciri
1302 1122 1453 1168 potest
1481 1115 1584 1168 quid
1611 1114 1747 1167 signi-

262 1179 417 1220 ficatur
435 1193 512 1231 per
529 1183 553 1198 “
567 1179 868 1219 retentionem
883 1185 1072 1232 quatuor
1085 1185 1321 1219 ventorum
1337 1177 1519 1219 terrae.”
1560 1176 1748 1230 Absque

262 1241 551 1289 revelatione,
576 1241 671 1294 quis
698 1254 788 1282 non
815 1241 1075 1293 opinaturus
1100 1246 1170 1282 est
1195 1241 1313 1294 quod
1340 1254 1417 1293 per
1441 1238 1669 1280 “ventos’'
1691 1238 1749 1279 ibi

262 1302 573 1356 intelligantur
598 1303 721 1343 venti
752 1303 824 1356 qui
855 1303 912 1343 ab
943 1301 1115 1354 angelis
1146 1302 1340 1343 retenti?
1371 1303 1580 1355 quoniam
1611 1301 1748 1342 etiam

262 1366 471 1419 sequitur,
498 1369 590 1405 “ne
617 1364 742 1405 flaret
764 1371 925 1404 ventus
947 1377 1077 1416 super
1100 1370 1264 1404 terram
1292 1377 1434 1416 neque
1461 1377 1591 1416 super
1612 1376 1748 1410 mare,

263 1441 405 1481 neque
428 1440 558 1479 super
580 1440 761 1467 omnem
783 1427 988 1467 arborem
1006 1426 1039 1466 :”
1070 1439 1223 1466 verum
1250 1439 1327 1478 per
1351 1430 1549 1466 “ventos
1573 1431 1718 1466 terrae
1730 1423 1749 1439 ”

262 1490 331 1530 hic
367 1497 414 1530 ut
451 1489 555 1530 alibi
591 1490 634 1529 in
667 1488 820 1529 Verbo
852 1487 1127 1541 significatur
1158 1502 1290 1528 omne
1327 1488 1537 1536 Divinum
1569 1487 1688 1541 quod
1724 1500 1750 1527 a

264 1551 459 1592 Domino
491 1552 533 1591 in
566 1550 706 1599 03010,
734 1551 777 1590 111
809 1551 956 1603 specie
990 1550 1199 1590 Divinum
1226 1549 1420 1599 Verum;
1454 1556 1499 1590 et
1532 1550 1615 1590 hoc
1648 1549 1750 1602 quia

262 1613 402 1654 influit
434 1628 468 1672 a‘
492 1614 686 1654 Domino
713 1619 760 1653 ut
793 1611 896 1653 Sole
928 1613 971 1652 in
1003 1613 1254 1653 universum
1287 1612 1458 1652 caelum
1491 1618 1536 1652 et
1568 1611 1670 1652 inde
1706 1611 1750 1651 in

264 1677 513 1717 universam
541 1682 720 1724 terram,
744 1675 846 1716 ideo
872 1688 950 1728 per
974 1675 1202 1715 “retinere
1228 1674 1328 1714 illos
1341 1674 1359 1689 ”
1383 1673 1656 1727 significatur
1681 1687 1750 1714 re-

264 1739 443 1779 mittere
470 1738 699 1778 influxum.
760 1736 850 1778 Sed
883 1743 930 1777 ut
957 1737 1067 1778 haec
1094 1736 1252 1777 clarius
1278 1736 1602 1789 intelligantur,
1630 1735 1749 1776 dice-

264 1808 334 1841 tur
349 1801 484 1840 etiam
508 1800 735 1854 quomodo
757 1813 804 1840 se
827 1813 896 1840 res
919 1799 1055 1840 habet
1078 1812 1177 1839 cum
1200 1798 1368 1839 influxu
1390 1799 1479 1838 illo.
1532 1798 1751 1838 Dominus

266 1869 335 1903 est
363 1862 439 1903 Sol
467 1862 577 1902 caeli
603 1862 821 1915 angelici;
853 1875 912 1902 ex
941 1861 1044 1914 Ipso
1071 1867 1119 1902 ut
1146 1860 1249 1902 Sole
1277 1861 1479 1913 procedit
1502 1861 1646 1901 omnis
1672 1859 1751 1899 lux

264 1932 310 1965 et
343 1925 485 1965 omnis
512 1925 633 1964 calor
659 1925 744 1974 ibi;
778 1924 855 1964 lux
881 1937 994 1977 quae
1027 1923 1243 1976 procedit,
1270 1929 1339 1963 est
1371 1924 1414 1962 in
1447 1936 1525 1962 sua
1556 1922 1751 1962 essentia

266 1986 475 2026 Divinum
499 1986 683 2034 Verum,
708 1987 809 2039 quia
835 1993 905 2026 est
932 1985 1009 2026 lux
1033 1984 1298 2038 spiritualis;
1330 1998 1380 2025 30
1409 1984 1529 2024 03101·
1551 1984 1623 2037 qui
1650 1996 1750 2036 pro-

265 2049 384 2089 cedit
417 2056 485 2088 est
522 2050 565 2088 in
598 2062 675 2088 sua
707 2048 902 2088 essentia
939 2047 1149 2088 Divinum
1182 2046 1370 2094 Bonum,
1398 2042 1499 2099 quia
1530 2052 1599 2086 est
1631 2045 1753 2086 calor

265 2111 527 2163 spiritualis:
563 2112 671 2151 haec
691 2110 876 2151 effluunt
899 2123 924 2150 a
947 2110 1143 2150 Domino
1164 2116 1212 2150 ut
1236 2108 1340 2150 Sole
1362 2110 1405 2148 in
1429 2122 1584 2149 omnes
1602 2107 1751 2148 caelos

266 2174 607 2214 accommodate
640 2173 696 2213 ad
729 2173 1035 2225 receptionem
1067 2172 1124 2213 ab
1155 2171 1327 2224 angelis
1358 2172 1442 2220 ibi;
1475 2184 1608 2224 quare
1635 2182 1750 2210 nunc

265 2236 487 2276 remissius
511 2249 625 2275 nunc
649 2235 878 2275 intensius.
940 2233 1134 2287 Quando
1155 2234 1391 2281 remissius,
1411 2240 1516 2274 tunc
1540 2246 1751 2285 separan-

266 2305 336 2338 tur
362 2297 466 2337 boni
492 2311 517 2337 a
543 2297 697 2347 malis;
730 2297 909 2350 quando
934 2303 1086 2337 autem
1111 2297 1339 2343 intensius,
1367 2302 1473 2336 tunc
1500 2295 1753 2347 rejiciuntur

267 2359 383 2399 mali.
440 2359 727 2411 Quapropter
742 2372 841 2400 cum
857 2359 1061 2399 ultimum
1074 2358 1286 2411 judicium
1301 2359 1452 2405 instat,
1469 2365 1575 2397 tunc
1595 2357 1750 2397 Domi-

267 2435 347 2461 nus
380 2422 568 2473 primum
596 2423 777 2461 remisse
809 2421 964 2469 influit,
991 2421 1050 2461 ob
1075 2433 1255 2461 causam
1282 2426 1329 2460 ut
1355 2427 1618 2472 separentur
1648 2420 1752 2460 boni

266 2498 291 2524 a
317 2484 456 2523 malis.
519 2483 808 2535 Quoniamin
831 2484 916 2524 hoc
939 2484 1086 2535 capite
1109 2483 1164 2523 de
1187 2483 1469 2535 separatione
1492 2481 1568 2522 illa
1589 2482 1750 2534 agitur,

266 2546 368 2586 ideo
391 2547 691 2598 praemittitur
713 2546 768 2586 de
789 2549 812 2565 ‘⁴
827 2546 1080 2586 retentione
1102 2552 1292 2598 quatuor
1309 2551 1546 2584 ventorum
1569 2542 1753 2591 terrae,’'

267 2621 344 2661 per
361 2621 493 2661 quam
512 2608 784 2660 significatur
801 2608 1002 2648 remissio
1019 2607 1211 2648 influxus
1229 2607 1377 2647 Divini
1400 2606 1512 2646 Boni
1530 2619 1580 2646 30
1604 2605 1751 2646 Divini

267 2670 375 2711 Veri
411 2684 436 2710 a
473 2670 694 2710 Domino:
733 2670 852 2723 quod
885 2670 940 2710 de
975 2671 1256 2722 separatione
1292 2670 1510 2710 bonorum
1547 2682 1573 2708 a
1609 2667 1750 2714 malis,

267 2739 393 2785 patet
420 2746 445 2772 a
471 2733 758 2784 sequentibus
784 2732 910 2785 hujus
936 2733 1109 2784 capitis,
1138 2745 1239 2772 nam
1266 2731 1438 2779 dicitur,
1469 2734 1560 2770 “ne
1587 2721 1752 2770 damno

267 2793 468 2834 afficiatis
487 2800 666 2841 terram,
687 2807 828 2846 neque
852 2806 987 2842 mare,
1008 2806 1150 2846 neque
1173 2805 1353 2833 omnem
1375 2792 1593 2839 arborem,
1614 2803 1751 2843 usque

267 2857 371 2897 dum
394 2856 715 2908 signaverimus
738 2869 890 2896 servos
914 2856 997 2896 Dei
1020 2868 1150 2908 super
1171 2855 1388 2895 frontibus
1410 2866 1562 2894 eorum
1575 2852 1593 2868 ''
1618 2851 1751 2906 (vers.

269 2918 339 2973 3);
372 2932 423 2960 ac
451 2925 609 2972 postea
635 2932 771 2971 usque
800 2919 857 2959 ad
889 2918 1021 2959 finem
1047 2918 1206 2970 capitis
1230 2917 1377 2970 agitur
1402 2915 1458 2956 de
1487 2913 1752 2968 “signatis,''

266 2982 350 3023 1100
369 2988 452 3030 est,
472 2982 527 3022 de
550 2982 678 3022 bonis
696 2982 912 3034 separatis
935 2995 960 3021 a
983 2980 1122 3021 malis.
1184 2978 1272 3020 Sed
1291 2976 1451 3019 dehac
1470 2978 1750 3030 separatione
