2008 3360
226 325 311 370 724
639 323 969 370 APOCALYPSIS
1001 301 1301 364 EXPLICATA‚

178 425 182 431 ’
224 452 284 478 ex
306 437 426 479 bono
448 438 639 487 amoris;
670 438 780 491 “qui
803 437 930 490 ponit
954 436 1195 477 terminum
1218 442 1344 477 tuum
1366 436 1555 490 pacem'’
1573 437 1712 491 signi-

224 499 328 542 ficat
361 501 512 541 omnia
543 500 655 542 caeli
687 507 733 541 et
765 499 997 547 ecclesiae,
1031 512 1136 539 nam
1170 499 1456 540 “terminus”
1488 499 1712 553 significat

225 564 375 604 omnia
392 563 583 612 illorum,
602 563 813 617 quoniam
831 563 874 602 in
894 562 1088 603 termino
1104 575 1182 602 seu
1199 562 1243 602 in
1260 561 1421 602 ultimo
1440 569 1544 603 sunt
1562 563 1713 604 omnia

223 625 268 664 in
303 624 550 677 complexu
582 634 741 673 (videatur
759 643 789 664 n.
811 635 880 671 634,
901 635 991 671 5897,
1011 633 1101 671 6239,
1121 633 1211 671 6451,
1231 634 1320 671 6465,
1342 624 1430 671 8603,
1448 631 1571 671 [119215.
1587 632 1712 672 1²]9216,

222 688 850 726 9824.9828,9836,9905‚10044‚10099,
864 686 1233 726 10329,10335,10548);
1266 680 1290 697 ‘⁴
1303 676 1436 729 adipe
1454 677 1711 718 triticorum

224 737 363 777 satiat
385 743 431 778 te
447 737 466 751 ”
483 736 709 790 significat
736 736 858 776 omni
884 735 1006 776 bono
1031 736 1198 776 amoris
1223 741 1269 776 et
1293 736 1518 790 sapientia
1540 743 1711 785 (“adeps·'

223 801 306 828 enim
320 801 474 838 significat
489 801 610 829 bonum
626 801 751 834 amoris,
764 800 909 828 videatur
919 808 950 829 n.
965 806 1054 836 5943,
1067 799 1156 837 6409,
1172 807 1286 836 10033;
1307 803 1338 828 et
1350 796 1367 807 ‘¹
1379 799 1515 828 triticum
1527 799 1543 809 '¹
1557 800 1713 838 significat

226 851 333 880 omnia
343 859 425 887 quae
436 860 474 879 ex
486 851 572 880 bono
582 851 697 879 amoris
706 855 788 885 sunt,
800 850 831 878 in
843 849 946 887 specie
955 858 1030 879 vera
1039 849 1126 884 caeli,
1138 854 1168 878 et
1179 849 1252 879 inde
1261 849 1455 887 sapientiam,
1466 859 1496 880 n.
1507 858 1596 888 3941,
1606 850 1710 887 7605.)

226 898 362 952 Apud
389 898 596 947 eundern,

293 995 315 1008 ‘⁸
328 993 522 1025 Benedicet
536 994 598 1025 tibi
612 993 772 1035 jehovah
790 1003 809 1024 e
827 993 949 1029 Zione.
965 998 1003 1025 ut
1016 993 1140 1024 videas
1156 993 1290 1024 bonum
1306 992 1583 1034 Hierosolymae
1596 993 1712 1024 omni-

396 1039 461 1068 bus
475 1037 600 1068 diebus
613 1037 708 1068 vitae
723 1044 815 1075 tuae,
832 1043 870 1068 ut
883 1037 1006 1068 videas
1023 1035 1115 1068 filios
1129 1036 1281 1068 filiorum
1295 1042 1448 1074 tuorum,
1465 1046 1589 1077 pacem
1603 1047 1711 1077 super

397 1080 529 1112 Israele
541 1080 558 1092 '¹
575 1081 647 1121 (Ps.
664 1080 805 1112 cxxviii.
822 1088 851 1119 5,
866 1079 917 1120 6):

221 1188 298 1228 per
323 1178 347 1194 “
364 1174 583 1215 Zionem'‘
609 1181 654 1216 et
683 1189 760 1228 per
784 1178 809 1195 “
826 1173 1225 1227 Hierosolymam‘’
1248 1174 1538 1227 significatur,
1562 1174 1632 1215 hic
1660 1181 1709 1216 ut

221 1251 367 1290 supra,
387 1237 578 1278 ecclesia
600 1238 746 1291 quoad
770 1237 889 1278 bona
911 1238 1075 1278 amoris
1097 1243 1142 1278 et
1161 1237 1308 1291 quoad
1327 1251 1432 1278 vera
1450 1235 1680 1278 doetrinae
1698 1251 1708 1288 ;

221 1300 340 1353 quod
368 1300 543 1340 dicatur
571 1301 858 1341 “Benedicat
885 1300 966 1341 tibi
991 1299 1195 1352 Jehovah
1223 1313 1247 1340 e
1274 1299 1454 1348 Zione‚''
1480 1306 1550 1340 est
1577 1306 1626 1341 ut
1649 1313 1709 1341 ex

222 1362 342 1403 bono
359 1364 537 1410 amoris,
555 1377 658 1403 nam
680 1367 704 1383 “
719 1363 829 1403 Zion
842 1363 860 1378 ’'
875 1362 1098 1415 significat
1118 1362 1356 1403 ecclesiam
1375 1362 1523 1416 quoad
1540 1362 1709 1403 bonum

219 1425 411 1475 amoris;
445 1431 490 1466 et
517 1426 617 1479 quia
644 1440 701 1466 ex
728 1425 806 1466 illo
837 1426 958 1466 bono
984 1438 1118 1466 omne
1149 1425 1317 1466 bonnm
1343 1431 1389 1466 et
1412 1438 1565 1466 verum
1598 1425 1708 1466 doc—

221 1488 364 1528 trinae
391 1488 594 1541 procedit
621 1495 666 1529 et
699 1489 873 1536 existit,
901 1488 1004 1529 inde
1031 1488 1206 1536 dicitur,
1238 1491 1327 1529 “ut
1354 1488 1508 1528 videas
1540 1488 1707 1529 bonum

225 1549 584 1603 Hierosolymae,
618 1564 668 1592 ac
701 1551 815 1592 filios
847 1550 1037 1597 filiorum
1069 1557 1246 1591 tuorum
1265 1550 1299 1601 ;”
1334 1550 1452 1591 “filii
1484 1550 1673 1591 filiorum
1689 1550 1708 1566 ”

219 1612 475 1665 significant
512 1627 617 1654 vera
655 1612 887 1655 doctrinae
923 1627 973 1654 ac
1012 1612 1436 1667 multiplicationem
1473 1626 1627 1654 eorum
1663 1614 1707 1654 in

219 1681 452 1715 aeternum
474 1690 482 1725 ;
518 1677 619 1729 quia
637 1676 748 1717 haec
772 1677 923 1717 omnia
946 1682 1049 1717 sunt
1068 1690 1127 1717 ex
1151 1675 1362 1725 Domino,
1379 1682 1425 1716 et
1449 1684 1527 1729 per
1549 1689 1707 1730 pacem

219 1751 332 1791 quae
359 1738 415 1778 ab
439 1738 557 1792 Ipso,
582 1739 683 1780 ideo
706 1739 990 1793 concluditur
1015 1753 1092 1792 per
1116 1742 1202 1779 “ut
1228 1738 1382 1779 videas
1400 1752 1558 1792 pacem
1576 1753 1708 1793 super

220 1799 440 1851 Israele;'’
475 1801 652 1842 “Israel
667 1801 685 1815 ’'
730 1808 833 1842 sunt
871 1801 934 1842 illi
975 1801 1099 1862 apud·
1133 1815 1244 1856 quos
1285 1801 1489 1842 ecclesia.
1566 1801 1705 1856 Apud

220 1863 428 1911 eundern,

286 1959 309 1973 ‘⁴
321 1958 383 1990 Est
396 1958 432 1990 in
448 1958 610 1990 Schalem
626 1960 895 1991 tabernaculum
906 1959 924 1971 '¹
940 1959 1018 1998 Dei,
1042 1960 1110 1991 “et
1125 1959 1366 1990 habitaculum
1386 1958 1501 1999 Ipsius
1519 1959 1556 1991 in
1573 1959 1706 1997 Zione:

392 2002 441 2033 ibi
462 2002 567 2042 fregit
588 2003 762 2034 scintillas
783 2013 897 2041 arcus,
918 2009 1069 2041 scutum,
1088 2002 1246 2043 gladium
1264 2008 1299 2034 et
1318 2003 1450 2034 bellum
1462 2002 1480 2015 ''
1498 2002 1571 2042 (Ps.
1594 2003 1703 2035 lxxvi.

393 2054 422 2084 3,
439 2054 460 2084 4
476 2044 534 2087 [B-
552 2047 598 2078 A·
617 2054 646 2084 2,
664 2044 734 2087 3]):

218 2141 288 2182 hic
328 2140 647 2193 Hierosolyma
682 2148 871 2182 vocatur
912 2141 1136 2190 Schalem,
1169 2142 1271 2195 quia
1297 2155 1385 2194 ·per
1424 2141 1721 2183 “Schalem'’'

217 2203 494 2257 significatur
520 2218 625 2257 an,
653 2218 676 2245 e
710 2219 798 2258 qua
824 2206 962 2245 etiam
997 2199 1316 2257 Hierosolyma
1342 2205 1576 2245 nominata
1607 2211 1703 2256 est;

217 2266 336 2320 quod
363 2267 426 2307 ita
453 2267 686 2308 nominata
712 2269 784 2315 sit,
809 2274 878 2308 est
906 2268 1008 2321 quia
1028 2267 1190 2321 “pax’'
1213 2267 1438 2320 significat
1456 2268 1607 2308 omnia
1628 2267 1705 2308 illa

217 2343 330 2382 quae
375 2343 507 2383 supra
548 2330 590 2370 in
632 2344 806 2370 summa
848 2329 967 2371 dicta
1003 2337 1122 2379 sunt,
1164 2344 1278 2384 quae
1319 2330 1582 2371 videantur:
1627 2344 1706 2383 per

217 2392 557 2433 tabernaculum
590 2392 713 2440 Dei‚’'
740 2394 859 2446 quod
892 2394 965 2442 ibi,
990 2392 1266 2447 significatur
1292 2393 1484 2435 ecclesia
1515 2407 1574 2434 ex
1599 2392 1702 2438 illis.

216 2462 261 2496 et
294 2469 372 2508 per
401 2455 746 2496 “habitaculum
780 2457 923 2509 Ipsius
955 2458 1000 2497 in
1033 2456 1201 2498 Zione'’
1229 2456 1506 2509 significatur
1535 2457 1703 2497 bonum

215 2520 393 2567 amoris,
418 2519 629 2572 quoniam
651 2519 694 2559 in
717 2519 794 2560 illo
820 2519 1040 2560 Dominus
1062 2520 1255 2569 habitat,
1280 2526 1325 2560 et
1349 2520 1453 2561 inde
1475 2520 1554 2561 dat
1580 2534 1699 2567 vera,

215 2595 266 2623 ac
304 2580 539 2622 fructificat
576 2587 623 2622 et
665 2582 936 2635 multiplicat
974 2583 1076 2623 illa:
1121 2589 1167 2624 et
1208 2583 1310 2636 quia
1348 2597 1427 2636 per
1469 2582 1701 2636 “pacem'’

214 2645 353 2685 etiam
379 2644 656 2697 significatur
683 2645 801 2698 quod
834 2643 924 2686 non
957 2660 1135 2700 pugnae
1167 2646 1272 2686 mali
1303 2652 1350 2686 et
1381 2645 1479 2686 falsi
1510 2645 1701 2699 amplius

216 2713 376 2748 contra
401 2707 568 2747 bonum
595 2713 641 2748 et
668 2722 836 2757 verum,
865 2723 942 2749 seu
969 2722 1059 2749 non
1091 2709 1321 2749 dissidium
1348 2715 1425 2749 aut
1457 2707 1625 2749 bellum
1657 2709 1701 2748 in
1733 2735 1736 2738 ·

214 2769 433 2823 spirituali
465 2783 611 2818 sensu,
645 2770 747 2810 ideo
779 2771 954 2820 dicitur,
992 2772 1097 2813 “Ibi
1136 2772 1268 2825 fregit
1301 2771 1522 2812 scintillas
1554 2784 1696 2818 arcus,

214 2839 391 2874 scutum
418 2838 463 2873 et
490 2832 690 2885 gladium
717 2839 762 2873 et
790 2834 999 2883 bellum,''
1025 2849 1103 2888 per
1128 2848 1241 2888 quae
1267 2833 1543 2887 significatur
1569 2834 1699 2874 dissi-

213 2896 338 2948 patio
370 2896 515 2935 omnis
547 2909 727 2948 pugnae
760 2896 973 2937 falsorum
1006 2896 1237 2939 doctrinae
1264 2897 1620 2938 contrabonum
1653 2903 1700 2937 et

214 2971 380 3007 verum,
401 2971 451 2999 ac
474 2959 517 2998 in
536 2972 701 3011 genere
724 2959 959 3013 dissipatio
978 2961 1123 3001 omnis
1145 2960 1326 3001 dissidii.
1374 2959 1419 3000 A
1434 2966 1543 3012 pace
1559 2960 1697 3001 etiam

1999 3223 2008 3315 <Qu-s
