2008 3360
628 343 733 376 CAP.
756 344 837 384 VL,
860 343 997 376 VERS.
1018 342 1166 386 4.—N.
1191 330 1367 386 365[d].
1660 339 1746 384 719

246 457 368 499 dium
386 455 583 499 caeleste
605 457 650 498 in
673 464 906 498 aeternum
922 471 1000 511 per
1022 453 1386 509 conjunctionem
1409 466 1510 495 curn
1529 453 1742 502 Domino,

247 519 527 574 significatur
558 533 636 573 per
669 520 1017 561 “Misericordia
1048 533 1149 560 mea
1179 533 1206 559 a
1236 525 1388 559 tecum
1421 530 1512 558 non
1544 515 1743 564 recedet,

248 590 295 624 et
327 583 483 624 foedus
523 583 646 636 pacis
684 597 811 624 meae
849 597 939 624 non
973 582 1274 623 dimovebitur
1291 581 1325 632 ;”
1370 579 1714 621 “misericordia
1726 578 1745 593 ’⁹

246 645 471 699 significat
510 646 678 686 bonum
714 661 741 687 a
779 647 990 694 Domino,
1023 652 1070 687 et
1109 645 1304 686 “foedus
1341 643 1495 698 pacis”
1521 642 1744 696 significat

245 709 460 762 gaudium
484 708 683 750 caeleste
709 723 769 750 ex
790 707 1107 762 conjunctione
1133 721 1235 749 cum
1259 707 1483 757 Domino;
1519 706 1714 747 “foedus
1725 705 1746 722 ”

242 778 316 813 est
343 770 625 825 conjunctio:
660 786 738 825 per
762 772 945 812 “filios”
971 772 1045 826 qui
1071 769 1231 813 “docti
1257 785 1283 812 a
1306 769 1554 823 Jehovah,”
1576 776 1622 810 et
1649 769 1744 823 qui-

245 835 327 875 bus
347 835 530 876 “multa
552 835 683 889 pax‚‘’
701 835 1016 889 intelliguntur
1037 835 1111 889 qui
1133 835 1176 875 in
1200 848 1319 875 novo
1341 833 1470 874 caelo
1492 840 1538 874 et
1561 833 1604 873 in
1628 846 1746 873 nova

246 897 439 939 ecclesia
465 899 508 939 in
532 899 648 940 veris
670 913 729 939 ex
753 899 873 940 bono
896 905 1026 940 erunt
1053 913 1079 939 a
1102 898 1314 944 Domino,
1340 896 1460 950 quod
1487 896 1575 937 illis
1597 896 1744 937 beati-

245 961 357 1003 tudo
382 968 429 1002 et
454 962 645 1003 felicitas
671 969 884 1012 aeterna;
918 976 996 1016 per
1023 960 1206 1002 “filios''
1232 961 1276 1002 in
1303 960 1459 1001 Verbo
1485 958 1744 1012 significan-

245 1031 318 1065 tur
338 1025 413 1078 qui
433 1019 487 1065 in'
501 1027 616 1066 veris
638 1040 697 1066 ex
721 1026 842 1066 bono
864 1032 969 1066 sunt
988 1040 996 1075 ;
1030 1038 1108 1079 per
1126 1024 1246 1078 quod
1272 1021 1434 1064 “docti
1456 1037 1482 1063 a
1502 1021 1745 1075 Jehovah,”

245 1086 522 1140 significatur
547 1089 667 1142 quod
699 1089 741 1129 in
769 1090 883 1129 veris
910 1103 968 1129 ex
1001 1089 1121 1129 bono
1152 1088 1241 1128 sint
1273 1101 1299 1127 a
1330 1086 1556 1136 Domino;
1589 1092 1635 1126 et
1666 1099 1745 1139 per

246 1150 474 1192 “multam
498 1152 687 1205 pacem”
709 1151 985 1205 significatur
1007 1149 1243 1192 beatitudo
1264 1157 1310 1191 et
1333 1150 1522 1191 felicitas
1544 1155 1743 1190 aeterna.

244 1214 386 1269 Apud
411 1214 697 1264 Ezechielem,

313 1308 482 1342 “David.
497 1334 526 1342 ..
541 1310 725 1350 ,princeps
750 1309 820 1341 illis
846 1310 882 1340 in
906 1316 1113 1346 aeternum:
1141 1314 1178 1341 et
1201 1318 1356 1350 pangam
1382 1308 1455 1340 illis
1479 1308 1607 1339 foedus
1631 1307 1742 1348 pacis,

418 1354 546 1385 foedus
563 1353 789 1385 aeternitatis
806 1354 875 1384 erit
891 1363 972 1384 cum
993 1353 1075 1391 illis,
1096 1363 1137 1385 ac
1153 1353 1249 1384 dabo
1266 1363 1330 1384 eos
1349 1359 1386 1384 et
1401 1352 1650 1392 multiplicabo
1667 1361 1742 1389 eos,

418 1403 455 1429 et
465 1407 599 1438 ponam
612 1396 857 1430 sanctuarium
869 1407 990 1429 meum
1001 1397 1037 1428 in
1050 1397 1170 1428 medio
1181 1406 1306 1428 eorum
1318 1396 1355 1428 in
1366 1402 1554 1428 aeternum
1565 1395 1583 1407 ’'
1594 1394 1742 1436 (xxxvii.

418 1449 472 1481 25,
487 1442 562 1481 26):

243 1531 392 1584 agitur
427 1531 486 1572 ibi
523 1531 579 1572 de
617 1530 828 1580 Domino,
864 1531 920 1571 de
960 1530 1190 1571 creatione
1227 1530 1331 1570 novi
1367 1529 1479 1571 caeli
1516 1535 1562 1570 et
1600 1542 1745 1570 novae

243 1594 462 1635 ecclesiae
492 1595 550 1635 ab
583 1594 716 1648 Ipso;
759 1607 837 1648 per
870 1597 894 1614 “
914 1593 1168 1634 Davidem''
1199 1593 1272 1647 qui
1306 1593 1553 1646 “princeps
1584 1592 1669 1633 illis
1701 1592 1744 1632 in

214 1675 221 1676 ff
242 1658 516 1707 aeternum,’'
537 1658 805 1711 intelligitur
831 1658 1077 1706 Dominus;
1111 1670 1189 1710 per
1212 1661 1449 1710 “pangere
1471 1656 1559 1696 illis
1584 1655 1743 1696 foedus

243 1720 395 1774 pacis”
427 1720 703 1774 significatur
740 1721 951 1773 gaudium
989 1719 1187 1760 caeleste
1224 1726 1269 1760 et
1306 1720 1400 1760 vita
1435 1726 1621 1760 aeterna
1658 1718 1745 1759 illis

243 1785 316 1837 qui
339 1784 536 1825 Domino
559 1782 784 1837 conjuncti
808 1790 938 1834 sunt;
971 1783 1165 1824 “foedus
1188 1782 1340 1836 pacis”
1357 1789 1426 1824 est
1449 1783 1518 1823 hic
1543 1789 1590 1823 ut
1613 1795 1746 1836 supra

242 1847 455 1900 gaudium
479 1847 677 1888 caeleste
704 1855 750 1888 et
773 1848 866 1888 vita
889 1854 1074 1887 aeterna
1100 1861 1158 1887 ex
1182 1844 1497 1898 conjunctione
1521 1859 1621 1886 cum
1649 1845 1744 1886 Do·

243 1911 388 1951 mino:
413 1909 693 1951 fructificatio
710 1910 815 1951 boni
830 1917 875 1950 et
893 1909 1212 1962 multiplicatio
1226 1910 1317 1950 veri
1334 1909 1452 1956 inde,
1468 1908 1746 1962 significatur

243 1986 322 2026 per
349 1974 519 2014 “Dabo
550 1987 628 2014 eos
657 1981 703 2015 et
732 1972 1042 2026 multiplicabo
1069 1972 1198 2023 eos;”
1229 1979 1275 2013 et
1302 1973 1403 2026 quia
1434 1973 1538 2013 inde
1570 1971 1744 2013 caelum

242 2043 290 2077 et
316 2036 507 2077 ecclesia
537 2044 620 2086 est,
648 2037 830 2078 additur
858 2036 960 2077 “Et
994 2049 1160 2089 ponam
1187 2034 1487 2076 sanctuarium
1520 2048 1668 2076 meum
1699 2036 1744 2075 in

243 2100 393 2140 medio
420 2114 573 2141 eorum
607 2101 650 2141 in
677 2108 910 2141 aeternum
930 2100 962 2150 ;”
997 2097 1334 2140 “sanctuarium
1347 2099 1365 2114 ’'
1390 2106 1459 2140 est
1491 2099 1665 2140 caelum
1697 2105 1744 2140 et

243 2163 447 2205 ecclesia.
508 2163 648 2217 Apud
673 2163 963 2211 Malaclnmn,

311 2261 334 2275 “
346 2259 396 2292 Ut
411 2261 458 2292 sit
474 2260 602 2292 foedus
620 2271 739 2292 meum
758 2270 838 2291 cum
859 2260 944 2291 Levi
958 2269 982 2296 ς.
997 2284 1004 2291 .
1019 2284 1026 2291 .
1041 2259 1183 2291 ‚foedus
1200 2269 1320 2291 meum
1338 2269 1418 2291 cum
1436 2259 1498 2290 illo
1514 2258 1581 2290 fuit
1597 2259 1693 2290 vitae
1709 2264 1745 2290 et

417 2304 516 2345 pacis
529 2314 552 2341 ς.
568 2330 575 2336 .
589 2329 597 2337 .
611 2305 685 2336 ,lex
702 2304 864 2335 veritatis
883 2303 950 2334 fuit
967 2303 1004 2334 in
1022 2312 1084 2334 ore
1101 2302 1192 2343 ejus,
1212 2309 1247 2334 et
1267 2303 1485 2343 perversitas
1503 2313 1576 2334 non
1595 2303 1744 2334 inventa

417 2348 455 2380 in
476 2348 581 2379 labiis
598 2348 676 2388 ejus
692 2357 700 2386 ;
724 2348 761 2379 in
783 2357 869 2388 pace
886 2353 922 2378 et
941 2347 978 2378 in
999 2344 1214 2378 rectitudine
1230 2347 1428 2378 ambulavit
1450 2346 1593 2378 Mecum
1606 2346 1624 2357 '¹
1641 2346 1692 2386 (ii.
1707 2354 1740 2385 4,

419 2389 468 2433 sl»
482 2389 554 2433 6]):

242 2498 321 2539 per
339 2484 519 2526 “Levin
532 2484 551 2500 ”
570 2484 881 2538 significantur
899 2496 1057 2523 omnes
1075 2483 1149 2536 qui
1172 2484 1216 2524 in
1239 2483 1360 2524 bono
1378 2483 1615 2524 charitatis
1634 2496 1742 2536 erga

241 2548 499 2601 proximum
532 2555 651 2596 sunt,
686 2554 732 2588 et
765 2548 808 2587 in
841 2559 1052 2599 supremo
1083 2559 1218 2587 sensu
1250 2547 1354 2600 Ipse
1386 2547 1608 2587 Dominus
1639 2547 1742 2600 quia

241 2611 300 2652 ab
332 2611 438 2664 Ipso
468 2611 512 2652 id
544 2611 743 2659 bonum;
782 2610 852 2650 hic
888 2609 991 2662 Ipse
1025 2609 1272 2650 Dominus:
1314 2610 1509 2651 “foedus
1540 2611 1662 2650 vitae
1693 2616 1740 2650 et

241 2675 364 2728 pacis
376 2674 396 2690 ’'
409 2674 635 2728 significat
654 2675 866 2714 unionem
886 2672 1037 2713 Divini
1056 2673 1200 2726 Ipsius
1219 2686 1319 2714 cum
1339 2673 1505 2714 Divino
1526 2673 1740 2713 Humano

243 2736 403 2790 Ipsius,
431 2751 491 2778 ex
522 2751 610 2791 qua
641 2738 804 2777 unione
836 2736 982 2776 omnis
1013 2736 1108 2776 vita
1139 2742 1186 2777 et
1218 2750 1338 2790 pax;
1371 2736 1491 2790 quod
1525 2736 1738 2776 Divinum

242 2799 414 2840 Verum
437 2801 495 2841 sit
518 2800 576 2840 ab
599 2800 719 2853 Ipso,
744 2797 1023 2851 significatur
1043 2811 1122 2852 per
1143 2800 1263 2852 quod
1289 2799 1404 2840 “-lex
1428 2799 1634 2839 veritatis
1658 2798 1738 2839 fuit

240 2863 285 2903 in
310 2877 387 2904 ore
415 2863 573 2916 Ipsius,
603 2869 648 2903 et
682 2862 954 2915 perversitas
981 2875 1071 2901 non
1098 2862 1284 2903 inventa
1309 2863 1354 2903 in
1384 2862 1512 2902 labiis
1540 2862 1684 2914 Ipsius
1702 2860 1738 2912 ;”

239 2926 336 2978 ipsa
362 2927 504 2966 unitio
530 2940 643 2979 quae
669 2923 787 2965 fasta
813 2926 856 2964 in
884 2924 1067 2972 mundo,
1095 2924 1367 2978 intelligitur
1393 2939 1471 2978 per
1500 2924 1591 2965 “In
1624 2937 1734 2977 pace

239 2993 286 3027 et
307 2987 352 3027 in
373 2986 645 3028 Γθᾶἰῒυᾶὶῐῖθ
663 2985 917 3026 ambulavit
940 2984 1161 3026 Mecum.”
1214 2997 1327 3036 (Quod
1339 2994 1425 3035 per¹⁴
1440 2996 1568 3026 Leviu⁰
1583 2997 1614 3025 in
1627 2996 1734 3026 Verbo
