2008 3432
594 361 701 393 CAP.
725 361 805 402 vr,
828 361 967 394 VERS.
990 361 1138 393 2.—N.
1162 361 1212 406 35
1220 350 1323 407 5[c].
1623 351 1708 407 673

211 474 334 524 bus,”
374 477 544 528 “super
583 474 749 523 caelo,”
790 478 961 529 “super
1004 474 1242 524 cherubo,‘’
1277 481 1325 516 et
1368 474 1490 529 quod
1532 474 1709 517 “saciat

210 537 451 592 equitare,”
476 544 525 580 ut
550 539 595 579 in
621 538 912 592 sequentibus
936 538 1005 579 his
1030 537 1142 579 locis
1159 537 1371 592 2-Apud
1395 537 1634 589 Davidem,

279 627 472 668 “Accinge
488 627 646 668 gladium
667 633 766 659 tuum
791 637 900 668 super
921 627 1049 665 femur,
1071 627 1205 659 Potens
1230 627 1266 658 in
1290 627 1419 659 decore
1443 633 1506 659 tuo
1509 652 1603 665 .....
1611 633 1648 660 et
1670 627 1708 659 in

385 672 523 703 honore
537 677 599 703 tuo
612 671 825 708 conscende,
842 677 877 703 et
893 671 1014 712 equita
1029 681 1136 712 super
1149 671 1268 703 Verbo
1282 671 1442 703 veritatis
1455 677 1492 703 et
1504 677 1712 704 mansuetu-

384 716 479 747 dinis
495 714 654 756 justitiae
663 714 682 726 ’'
698 715 773 755 (Ps.
789 715 861 747 xlv.
875 713 940 754 [¹14.
956 722 972 754 5
993 713 1053 757 [B.
1066 716 1113 747 A.
1128 723 1159 754 3,
1172 712 1244 756 4]);

209 791 321 833 haec
347 789 468 838 di&a
492 797 596 832 sunt
623 790 680 831 de
708 790 919 832 Domino.
980 790 1118 845 Apud
1144 791 1352 838 eundem.

278 866 464 899 “Cantate
485 866 574 904 Deo,
594 866 735 897 laudate
755 876 888 898 nomen
910 866 1039 907 Ipsius,
1061 866 1222 898 extollite
1241 867 1459 908 equitantem
1479 876 1587 908 super
1607 866 1711 899 nubi-

384 910 480 942 bus'’
496 910 570 950 (Ps.
585 910 696 942 lxviii.
712 917 729 949 5
749 907 810 952 [B.
823 911 871 942 A.
884 907 958 952 4]);

210 987 330 1042 apud
355 986 560 1035 Esaiam,

279 1062 303 1076 ⁴⁴
314 1060 403 1092 Ecce
415 1059 578 1102 Jehovah
595 1060 760 1101 equitans
777 1069 884 1101 super
896 1060 1006 1093 nube.
1021 1085 1029 1093 .
1042 1085 1051 1093 .
1064 1085 1090 1098 ..
1109 1067 1145 1092 et
1157 1060 1256 1093 venit
1271 1060 1307 1092 in
1324 1060 1543 1102 Aegyptum,
1562 1067 1599 1094 et
1614 1071 1711 1094 com·

386 1105 627 1136 movebuntur
642 1104 739 1136 idola
754 1104 912 1145 Aegypti
929 1114 1049 1136 coram
1068 1104 1152 1146 Ipso
1163 1103 1182 1117 ”
1198 1104 1283 1146 (xix.
1300 1113 1329 1143 1,
1344 1104 1399 1146 2);

212 1181 334 1236 apud
357 1180 593 1230 Davidem,

280 1256 303 1270 ‘⁴
315 1254 460 1287 Psallite
475 1254 633 1286 Domino
641 1278 649 1286 .
663 1278 672 1286 .
685 1279 693 1286 .
707 1278 715 1286 .
723 1254 896 1295 equitanti
909 1263 1017 1295 super
1026 1254 1126 1286 caelo
1138 1254 1228 1286 caeli
1240 1254 1463 1296 antiquitatis
1474 1253 1493 1266 ”
1505 1253 1582 1296 (Ps.
1595 1254 1707 1288 lxviii.

388 1296 478 1340 [33‚]
494 1306 536 1337 34
553 1295 614 1348 [β.
628 1298 674 1329 Α-
689 1305 742 1337 32,
757 1295 851 1338 33]):

285 1342 383 1375 Deus
403 1341 607 1383 “equitawt
623 1351 730 1382 super
746 1341 914 1379 cherubo,
928 1341 1074 1380 volavit,
1093 1347 1129 1373 et
1144 1339 1269 1374 vedtus
1286 1351 1393 1383 super
1408 1341 1474 1374 alis
1491 1342 1591 1374 venti
1599 1341 1618 1354 '⁹
1632 1341 1705 1383 (Ps.

386 1386 484 1418 xviii.
501 1394 538 1417 11
559 1383 620 1428 [B.
637 1386 683 1417 A.
699 1382 785 1427 1o]);

211 1462 332 1518 apud
355 1460 593 1511 Habakuk,

281 1538 304 1551 ‘¹
313 1535 487 1579 Jehovah,
498 1560 507 1568 .
521 1560 529 1568 .
542 1535 695 1576 ‚equitas
708 1544 816 1576 super
828 1535 927 1576 equis
944 1534 1026 1573 tuis,
1039 1544 1162 1567 curms
1178 1535 1229 1567 tui
1241 1535 1338 1568 salus
1351 1545 1377 1575 ς,
1390 1560 1399 1569 .
1412 1559 1421 1568 .
1434 1535 1594 1568 .caleasti
1611 1545 1710 1568 mare

268 1591 275 1608 ι
386 1579 487 1622 equis
504 1579 573 1611 tuis
584 1578 603 1591 ”
619 1578 681 1620 (iii.
697 1579 728 1617 8,
745 1579 819 1619 15),

213 1656 332 1711 apud
352 1655 557 1705 Esaiam,

242 1758 250 1760 f
282 1729 417 1813 “Tund:
432 1728 656 1813 delici3beris
675 1728 711 1760 in
727 1723 903 1771 Jehovah,
922 1734 958 1760 et
973 1728 1132 1769 equitare
1148 1734 1183 1760 te
1202 1727 1331 1760 faciam
1350 1728 1387 1761 in
1407 1728 1550 1761 excelsa
1565 1734 1681 1761 terrae
1692 1728 1711 1741 ''

416 1783 487 1805 viu.
504 1781 544 1812 14
571 1781 579 1811 ς

213 1848 352 1903 Apud
376 1848 546 1897 Mosen,

282 1923 304 1936 ‘⁸
314 1921 476 1964 Jehovah
487 1921 585 1953 solus
595 1921 696 1953 duxit
706 1931 787 1953 eum
792 1946 886 1959 .....
893 1927 929 1953 et
941 1920 1099 1962 equitare
1112 1920 1196 1953 fecit
1205 1931 1286 1953 eum
1300 1931 1408 1963 super
1415 1921 1558 1954 excelsa
1565 1927 1681 1954 terrae
1692 1921 1712 1934 '⁹

387 1964 523 2006 (Deutr.
538 1965 646 1998 xxxii.
663 1973 714 2004 12,
730 1965 804 2006 13);

213 2048 261 2083 et
286 2041 404 2096 apud
429 2041 692 2090 Hosclzeam,

570 2122 593 2136 “
605 2121 771 2163 Equitare
787 2121 915 2153 faciam
935 2120 1166 2161 Ephraimum
1176 2119 1197 2134 ”
1213 2119 1261 2162 (x.
1277 2120 1351 2162 11):

215 2205 258 2244 in
290 2203 376 2244 illis
407 2203 517 2245 locis
548 2218 627 2258 per
659 2203 929 2258 “equitare'’
960 2202 1239 2256 significatur
1269 2203 1626 2257 intelligentiam
1664 2211 1711 2246 et

214 2268 481 2321 sapientiam
512 2267 634 2315 dare,
668 2268 769 2321 quia
809 2281 887 2320 per
921 2266 1165 2307 “currum''
1196 2266 1474 2320 significatur
1505 2266 1712 2309 doetrina

213 2331 320 2380 veri,
346 2337 393 2372 et
419 2344 499 2384 per
525 2334 702 2384 “equos
715 2330 734 2346 '’
759 2328 1018 2371 intellthus
1044 2328 1149 2382 ejus.
1209 2329 1348 2384 Apud
1374 2329 1578 2380 Esaiam,

283 2419 420 2452 “Tunc
443 2419 621 2451 adducent
641 2429 768 2451 omnes
792 2419 920 2450 fratres
940 2416 1115 2450 [²]vestros
1131 2429 1176 2450 ex
1199 2419 1366 2450 omnibus
1390 2419 1557 2460 gentibus
1581 2429 1711 2451 munus

388 2462 548 2505 Jehovae
561 2473 668 2503 super
678 2463 779 2504 equis
793 2469 828 2494 et
841 2472 950 2502 super
962 2471 1076 2498 curru.
1090 2468 1126 2494 et
1138 2472 1246 2503 super
1260 2463 1378 2494 rhedis
1392 2463 1591 2500 cameratis.
1605 2473 1713 2504 super

389 2507 557 2590 mulisne(tl
570 2517 678 2557 super
687 2506 899 2590 )veredariis,
921 2506 966 2537 ad
984 2512 1143 2538 montem
1160 2505 1363 2538 sanetitatis
1381 2517 1482 2538 meae
1501 2506 1712 2548 Hierosoly-

390 2560 486 2582 mam
560 2561 630 2583 xvi.
645 2559 688 2582 20
712 2561 719 2582 ε

214 2628 363 2687 agitur
379 2633 439 2674 ibi
461 2632 518 2674 de
535 2633 862 2674 instauratione
880 2631 1097 2673 ecclesiae
1115 2645 1259 2674 novae
1278 2646 1304 2673 a
1322 2632 1520 2674 Domino
1537 2647 1547 2684 ;
1574 2647 1710 2687 quare

215 2709 307 2737 non
342 2695 610 2749 intelligitur
640 2696 761 2750 quod
798 2695 1027 2736 adducent
1063 2695 1222 2737 fratres
1259 2710 1363 2737 suos
1399 2710 1532 2749 super
1568 2697 1706 2750 equis,

215 2772 349 2812 super
381 2771 522 2807 curru,
549 2772 681 2812 super
707 2759 856 2799 rhedis
887 2759 1140 2807 cameratis,
1173 2772 1305 2812 super
1335 2758 1466 2799 mulis
1498 2765 1544 2800 et
1576 2772 1708 2811 super

214 2821 470 2869 veredariis,
493 2821 551 2862 ad
579 2821 971 2874 Hierosolymam;
1003 2821 1082 2862 sed
1107 2821 1377 2875 intelligitur
1402 2822 1523 2875 quod
1549 2835 1707 2862 omnes

215 2884 290 2938 qui
321 2885 366 2925 in
397 2885 518 2925 bono
548 2891 668 2932 sunt,
701 2884 952 2925 instruendi
983 2885 1073 2925 sint
1105 2885 1148 2925 in
1182 2885 1355 2925 Divinis
1386 2885 1517 2933 veris,
1551 2891 1598 2925 et
1630 2898 1708 2937 per

215 2947 292 2989 illa
313 2948 624 3001 intelligentes
651 2954 696 2988 et
719 2948 948 3000 sapientes
973 2946 1076 2988 faeti
1102 2948 1417 2989 introducendi
1443 2948 1533 2988 sint
1560 2948 1605 2987 in
1632 2961 1706 2988 ec-

216 3011 398 3052 clesiam
417 3026 425 3062 ;
453 3025 531 3065 per
549 3015 574 3032 “
590 3011 748 3066 {ratres
760 3010 778 3024 ”
795 3010 914 3051 enim
931 3009 1240 3064 significantur
1257 3023 1414 3051 omnes
1432 3010 1505 3063 qui
1523 3009 1567 3049 in
1585 3009 1708 3049 bono
