2008 3360
234 351 316 393 868
647 362 979 397 APOCALvPsxs
1010 364 1308 400 EXPLICATA.

231 473 333 526 quia
359 472 578 514 Dominus
603 481 709 516 tunc
732 476 850 516 visus
876 482 944 516 est
971 476 1015 516 in
1043 476 1207 519 Divino
1229 492 1321 527 suo,
1345 481 1547 533 apparuit
1570 481 1718 534 quoad

230 534 387 576 faciem
426 543 473 577 ut
512 535 602 585 Sol,
636 544 682 578 et
713 538 861 591 quoad
894 539 1167 580 vestimenta
1203 547 1249 582 ut
1286 541 1403 591 Lux,
1435 542 1568 584 facies
1600 543 1717 583 enim

230 599 552 651 correspondet
579 600 734 648 amori,
757 607 803 640 et
825 601 1098 641 vestimenta
1123 604 1475 656 correspondent
1497 605 1638 654 veris;
1671 611 1718 645 et

231 661 332 713 quia
358 661 545 701 Divinus
571 661 716 702 Amor
738 662 781 702 in
810 662 915 715 Ipso
943 662 1036 712 suit,
1063 663 1165 704 ideo
1191 664 1360 705 “facies
1393 665 1535 719 Ipsius
1567 665 1718 719 splen-

230 722 325 763 duit
362 730 410 763 ut
447 722 524 764 Sol
541 723 574 774 ;”
610 731 655 764 et
688 724 789 777 quia
821 724 1031 765 Divinum
1064 724 1232 767 Verum
1264 741 1322 768 ex
1355 727 1460 781 Ipso
1489 728 1585 777 fuit,
1617 728 1720 769 ideo

232 788 257 805 ‘⁰
270 786 542 826 vestimenta
560 785 702 838 Ipsius
719 784 835 826 faeta
849 793 952 827 sunt
971 787 1084 828 sicut
1103 787 1204 828 Lux
1223 788 1255 838 ;”
1281 789 1358 829 lux
1377 790 1511 830 etiam
1531 790 1573 829 in
1591 789 1720 831 caelo

230 850 301 885 est
334 845 547 885 Divinum
577 845 748 886 Verum
781 847 1034 899 procedens
1063 861 1089 888 a
1120 848 1318 890 Domino
1348 856 1396 890 ut
1428 849 1548 890 Sole.
1607 860 1720 898 (Quod

230 904 381 938 '‘faeless'
395 914 467 933 cum
481 906 520 933 de
538 905 687 939 Domino,
700 905 738 934 sit
750 906 851 934 Amor
862 910 893 934 et
908 914 1003 935 omne
1018 907 1156 941 Bonum,
1168 908 1327 937 videatur'
1321 917 1352 937 m
1366 909 1507 937 Arcanis
1522 909 1719 943 Caelestibus,

229 958 260 978 n.
271 951 360 986 5585,
370 950 459 987 9306,
470 950 558 987 9546,
569 952 663 987 988&
681 955 711 979 et
727 951 842 988 quod¹¹
853 951 1057 985 vestimentaf
1063 951 1151 981 'cum
1165 953 1205 981 de
1219 953 1369 987 Domino,
1379 953 1555 990 significent
1568 953 1719 982 Divinum

229 999 360 1034 Verum,
376 999 520 1028 videatur
533 1009 638 1037 supra
654 989 943 1042 n.64.195[c].)
1013 989 1230 1032 Similiter
1265 999 1456 1045 apparet
1495 992 1719 1032 Dominus

230 1049 272 1089 in
305 1049 432 1090 caelo
458 1063 608 1090 coram
638 1050 825 1102 angelis,
853 1051 1033 1103 quando
1065 1050 1122 1092 Se
1153 1051 1238 1092 illis
1269 1060 1552 1106 praesentem
1585 1053 1718 1101 sistit,

230 1112 309 1153 sed
342 1119 447 1153 tunc
475 1118 660 1165 apparet
687 1119 820 1153 extra
846 1111 1026 1164 Solem;
1058 1122 1329 1168 quapropter
1354 1115 1489 1155 etiam
1517 1114 1720 1155 similiter

230 1174 349 1214 visus
375 1181 443 1215 est
458 1174 661 1227 ‘Johanni
687 1187 787 1215 cum
819 1174 898 1216 fuit
927 1175 970 1215 in
997 1176 1166 1229 spiritu,
1193 1184 1240 1218 ut
1267 1183 1448 1218 constat
1474 1178 1517 1216 in
1543 1176 1717 1229 Apoca-

231 1236 359 1290 {ypsz}
388 1237 459 1277 ubi
485 1237 645 1277 dicitur
667 1237 787 1291 quod

304 1323 425 1373 Facies
444 1323 469 1354 F
464 1323 521 1407 6{gii
538 1323 693 1355 hominis
710 1325 733 1338 ‘⁴
744 1324 822 1356 visa
837 1323 884 1356 sit
899 1330 1068 1366 tanquam
1085 1324 1145 1356 Sol
1161 1324 1272 1366 fulget
1288 1325 1324 1356 in
1341 1335 1406 1357 sua
1422 1325 1582 1366 potentia
1591 1324 1610 1337 ''
1627 1324 1717 1366 (cap.

405 1375 458 1398 i.1
511 1376 517 1405 ;

231 1447 352 1501 quod
374 1447 432 1488 sit
455 1447 678 1488 Dominus
699 1448 772 1501 qui
794 1448 932 1497 visus,
954 1453 1085 1501 patet
1108 1458 1265 1497 (videatur
1278 1469 1383 1497 supra,
1397 1469 1427 1488 n.
1443 1449 1528 1500 63).
1586 1448 1719 1490 Simi-

231 1508 333 1550 liter
358 1522 458 1549 cum
486 1509 706 1549 Dominus
727 1509 920 1562 johanni
946 1510 1065 1550 visus
1090 1517 1158 1551 est
1184 1510 1298 1551 sicut
1323 1510 1526 1562 angelus,
1550 1509 1606 1551 de
1631 1523 1720 1564 quo

235 1570 455 1625 [legitur],

300 1657 413 1689 ⁸·Vidi
431 1657 607 1696 Angelum
626 1657 752 1688 fortem
770 1657 1044 1688 descendentem
1061 1667 1080 1689 e
1096 1657 1195 1688 caelo
1211 1657 1463 1689 circumdatum
1482 1659 1587 1696 nube,
1606 1663 1642 1690 et
1658 1657 1721 1689 iris

405 1701 535 1732 circum
554 1707 669 1741 caput,
689 1707 724 1732 et
741 1701 850 1732 facies
871 1700 956 1741 Ejus
974 1701 1064 1732 sicut
1080 1700 1141 1732 Sol
1151 1700 1169 1713 ''
1186 1700 1300 1742 (Apoc.
1316 1711 1350 1733 x.
1368 1702 1397 1741 1)
1412 1711 1419 1739 ;

231 1796 311 1836 per
338 1783 563 1835 “angelos
575 1783 594 1798 ”
620 1784 737 1824 enim
770 1784 812 1824 in
840 1783 996 1824 Verbo
1025 1783 1068 1824 in
1100 1797 1233 1824 sensu
1258 1783 1349 1836 ejus
1381 1783 1597 1837 spirituali
1629 1797 1719 1825 non

231 1845 544 1898 intelliguntur
561 1846 724 1898 angeli,
744 1846 822 1887 sed
845 1846 1025 1900 aliquod
1049 1846 1257 1887 Divinum
1277 1860 1334 1887 ex
1359 1846 1581 1896 Domino;
1608 1860 1719 1900 quo-

233 1908 350 1948 niam
383 1908 592 1948 Divinum
624 1909 743 1961 quod
775 1915 961 1962 apparet
993 1922 1051 1949 ex
1083 1908 1168 1949 illis
1199 1922 1288 1948 non
1319 1915 1388 1948 est
1421 1909 1611 1957 illorum,
1641 1909 1720 1949 sed

232 1977 302 2011 est
344 1970 526 2011 Domini
565 1971 681 2024 apud
722 1971 851 2011 illos:
899 1971 1102 2012 similiter
1142 1971 1352 2011 Divinum
1394 1971 1563 2011 Verum
1601 1971 1720 2025 quod

232 2032 489 2086 loquuntur,
517 2034 634 2086 quod
667 2033 848 2086 plenum
880 2040 949 2074 est
976 2034 1207 2087 sapientia,
1235 2046 1324 2073 non
1358 2032 1597 2086 loquuntur
1622 2047 1648 2073 a
1673 2046 1722 2074 se

232 2095 311 2136 sed
343 2109 368 2135 a
400 2095 621 2146 Domino;
653 2095 828 2137 suerunt
856 2096 973 2136 enim
1005 2095 1222 2143 homines,
1250 2101 1296 2136 et
1328 2096 1472 2135 omnis
1502 2096 1721 2148 sapientia

232 2164 279 2198 et
315 2157 616 2210 intelligentia
652 2165 722 2198 est
759 2158 1013 2198 hominibus
1048 2171 1074 2198 a
1111 2157 1331 2198 Domino:
1371 2157 1474 2197 inde
1511 2164 1721 2198 constare

232 2226 385 2274 potest
404 2220 522 2273 quod
546 2234 624 2273 per
643 2220 891 2273 “angelum
904 2220 923 2236 ’‘
940 2221 983 2261 in
1006 2219 1161 2261 Verbo
1181 2219 1461 2271 intelligatur
1484 2219 1719 2268 Dominus,

232 2281 307 2334 qui
332 2281 471 2321 etlam
498 2286 605 2321 tunc
631 2282 839 2334 apparuit
861 2282 977 2322 Sicut
1002 2279 1096 2322 SOl.
1152 2290 1264 2329 (Quod
1275 2287 1524 2327 per“ange1um
1537 2290 1554 2299 ’⁵
1568 2290 1599 2319 in
1614 2291 1724 2319 Verbo

232 2340 423 2377 intelligatur
443 2340 574 2376 aliquod
597 2340 746 2368 Divinum
769 2349 789 2369 a
811 2340 961 2374 Domino,
980 2339 1124 2368 videatur
1142 2338 1175 2368 in
1196 2338 1336 2368 Ananis
1361 2339 1556 2372 Caelestibus,
1579 2347 1610 2368 n.
1635 2346 1723 2376 1925,

233 2387 322 2419 2821.
338 2394 427 2422 3039,
442 2386 532 2421 4085,
547 2385 636 2419 6280,
654 2383 783 2422 [¹18192:
805 2386 893 2422 quod
914 2384 1018 2422 angeli
1038 2384 1113 2413 inde
1132 2383 1165 2412 in
1179 2383 1287 2412 Verbo
1305 2383 1451 2412 dicantur
1465 2386 1483 2397 ‘⁴
1495 2383 1568 2417 dii,·'
1585 2392 1616 2413 n.
1632 2391 1723 2420 4295.

232 2443 322 2472 4402.
334 2435 424 2471 7268,
437 2436 526 2471 7873,
541 2436 629 2471 8301,
643 2435 747 2472 8192.)
805 2424 1043 2464 Indecum
1064 2422 1258 2463 ecclesia
1279 2428 1628 2474 repraesentata
1650 2428 1721 2462 est

234 2486 348 2526 sicut
374 2484 543 2533 mulier,
572 2485 708 2525 etiam
740 2491 846 2526 tunc
873 2484 1077 2538 apparuit
1103 2483 1266 2524 circum
1297 2482 1419 2523 illam
1445 2482 1527 2532 sol,
1554 2483 1610 2523 de
1636 2496 1724 2536 qua

233 2549 297 2590 ita
321 2548 365 2588 in
389 2546 680 2600 Apocalypsi,

302 2633 484 2673 “Signum
498 2642 667 2672 magnum
681 2632 797 2663 visum
815 2638 869 2664 est
886 2632 922 2663 in
939 2632 1051 2669 caelo,
1067 2630 1193 2663 mulier
1205 2629 1420 2662 circumdata
1436 2629 1566 2667 Solem,
1587 2635 1622 2661 et
1638 2629 1725 2661 luna

407 2677 472 2707 sub
482 2676 629 2716 pedibus
641 2675 730 2716 ejus,
743 2682 778 2707 et
789 2685 895 2716 super
904 2675 1018 2716 capite
1029 2684 1162 2707 corona
1172 2674 1352 2706 stellarum
1364 2672 1569 2704 duodecim’
1574 2672 1663 2713 ¹(xii.
1672 2673 1721 2710 1):

234 2762 353 2817 quod
384 2775 463 2815 per
489 2761 790 2801 “mulierem’'
815 2762 874 2802 ibi
900 2760 1175 2814 significetur
1200 2758 1403 2806 ecclesia,
1429 2758 1688 2799 videbitur
1677 2771 1721 2797 m

234 2823 545 2877 explicatione
568 2835 681 2874 quae
707 2822 750 2862 in
776 2822 1070 2875 sequentibus
1092 2820 1299 2870 dabitur;
1326 2826 1614 2867 (quod“mu1ier
1629 2828 1724 2877 sigifi-

233 2887 307 2917 ficet
325 2887 501 2921 ecclesiam,
521 2886 665 2914 videatur
683 2885 714 2913 in
734 2886 871 2914 Arcanis
894 2885 1087 2919 Caelestibus,
1107 2893 1138 2914 n.
1154 2891 1222 2921 252,
1243 2890 1311 2920 253,
1330 2891 1400 2920 749,
1419 2882 1512 2920 770;)
1542 2878 1588 2912 et
1619 2884 1723 2924 qula

234 2937 423 2979 ecclesia
445 2943 513 2977 est
540 2950 565 2976 a
591 2936 800 2983 Domino,
824 2935 926 2976 ideo
948 2935 1042 2975 visa
1063 2940 1132 2975 est
1155 2933 1430 2975 circumdata
1452 2931 1582 2973 Sole:
1616 2933 1722 2986 quid

234 2998 508 3053 significatur
522 3011 599 3051 per
613 2997 731 3051 quod
749 2998 891 3038 “luna
908 2998 989 3038 sub
1006 2997 1194 3050 pedibus
1211 2994 1340 3048 ejus,’‘
1354 3001 1400 3036 et
1417 2994 1538 3048 quod
1554 2998 1578 3014 “
1591 3008 1724 3048 super
