<?xml version="1.0" encoding="UTF-8"?>
<!DOCTYPE html PUBLIC "-//W3C//DTD XHTML 1.0 Transitional//EN"
    "http://www.w3.org/TR/xhtml1/DTD/xhtml1-transitional.dtd">
<html xmlns="http://www.w3.org/1999/xhtml" xml:lang="en" lang="en">
 <head>
  <title>
</title>
<meta http-equiv="Content-Type" content="text/html;charset=utf-8" />
  <meta name='ocr-system' content='tesseract 3.04.00' />
  <meta name='ocr-capabilities' content='ocr_page ocr_carea ocr_par ocr_line ocrx_word'/>
</head>
<body>
  <div class='ocr_page' id='page_1' title='image "apocalypsisexpli02sweduoft_0276.png"; bbox 0 0 2008 3360; ppageno 0'>
   <div class='ocr_carea' id='block_1_1' title="bbox 229 364 1303 416">
    <p class='ocr_par' dir='ltr' id='par_1_1' title="bbox 229 364 1303 416">
     <span class='ocr_line' id='line_1_1' title="bbox 229 364 1303 416; baseline 0.005 -12"><span class='ocrx_word' id='word_1_1' title='bbox 229 364 313 416; x_wconf 90' lang='lat'>928</span> <span class='ocrx_word' id='word_1_2' title='bbox 642 374 974 408; x_wconf 80' lang='lat' dir='ltr'>APOCALYPSIS</span> <span class='ocrx_word' id='word_1_3' title='bbox 1005 376 1303 409; x_wconf 82' lang='lat' dir='ltr'>EXPLICATA.</span> 
     </span>
    </p>
   </div>
   <div class='ocr_carea' id='block_1_2' title="bbox 230 484 1720 1795">
    <p class='ocr_par' dir='ltr' id='par_1_2' title="bbox 230 484 1720 1795">
     <span class='ocr_line' id='line_1_2' title="bbox 230 484 1715 541; baseline 0.004 -16"><span class='ocrx_word' id='word_1_4' title='bbox 230 484 340 526; x_wconf 99' lang='lat' dir='ltr'>fides</span> <span class='ocrx_word' id='word_1_5' title='bbox 372 499 507 527; x_wconf 89' lang='lat' dir='ltr'>unum</span> <span class='ocrx_word' id='word_1_6' title='bbox 538 487 643 528; x_wconf 83' lang='lat' dir='ltr'>facit</span> <span class='ocrx_word' id='word_1_7' title='bbox 676 501 776 528; x_wconf 92' lang='lat' dir='ltr'>cum</span> <span class='ocrx_word' id='word_1_8' title='bbox 809 488 1045 537; x_wconf 82' lang='lat' dir='ltr'>charitate,</span> <span class='ocrx_word' id='word_1_9' title='bbox 1074 495 1120 530; x_wconf 91' lang='lat' dir='ltr'>et</span> <span class='ocrx_word' id='word_1_10' title='bbox 1152 490 1298 530; x_wconf 90' lang='lat' dir='ltr'>omnis</span> <span class='ocrx_word' id='word_1_11' title='bbox 1330 495 1399 530; x_wconf 88' lang='lat' dir='ltr'>est</span> <span class='ocrx_word' id='word_1_12' title='bbox 1432 503 1458 530; x_wconf 88' lang='lat' dir='ltr'>a</span> <span class='ocrx_word' id='word_1_13' title='bbox 1490 489 1715 541; x_wconf 83' lang='lat' dir='ltr'>Domin03</span> 
     </span>
     <span class='ocr_line' id='line_1_3' title="bbox 231 550 1716 602; baseline 0.003 -13"><span class='ocrx_word' id='word_1_14' title='bbox 231 555 506 602; x_wconf 80' lang='lat' dir='ltr'>quapropter</span> <span class='ocrx_word' id='word_1_15' title='bbox 541 557 677 591; x_wconf 88' lang='lat' dir='ltr'>vocat</span> <span class='ocrx_word' id='word_1_16' title='bbox 717 551 936 590; x_wconf 86' lang='lat' dir='ltr'>Dominus</span> <span class='ocrx_word' id='word_1_17' title='bbox 967 550 1102 592; x_wconf 90' lang='lat' dir='ltr'>fidem</span> <span class='ocrx_word' id='word_1_18' title='bbox 1138 551 1255 592; x_wconf 86' lang='lat' dir='ltr'>hanc</span> <span class='ocrx_word' id='word_1_19' title='bbox 1291 551 1461 592; x_wconf 86' lang='lat' dir='ltr'>“fidem</span> <span class='ocrx_word' id='word_1_20' title='bbox 1494 552 1629 593; x_wconf 90' lang='lat' dir='ltr'>Dei:”</span> <span class='ocrx_word' id='word_1_21' title='bbox 1670 560 1716 593; x_wconf 92' lang='lat' dir='ltr'>et</span> 
     </span>
     <span class='ocr_line' id='line_1_4' title="bbox 230 611 1717 666; baseline 0.003 -16"><span class='ocrx_word' id='word_1_22' title='bbox 230 611 331 663; x_wconf 89' lang='lat' dir='ltr'>quia</span> <span class='ocrx_word' id='word_1_23' title='bbox 358 611 576 652; x_wconf 88' lang='lat' dir='ltr'>Dominus</span> <span class='ocrx_word' id='word_1_24' title='bbox 604 626 681 665; x_wconf 91' lang='lat' dir='ltr'>per</span> <span class='ocrx_word' id='word_1_25' title='bbox 707 613 821 653; x_wconf 89' lang='lat' dir='ltr'>hanc</span> <span class='ocrx_word' id='word_1_26' title='bbox 850 612 998 660; x_wconf 86' lang='lat' dir='ltr'>fidem,</span> <span class='ocrx_word' id='word_1_27' title='bbox 1026 627 1140 666; x_wconf 89' lang='lat' dir='ltr'>quae</span> <span class='ocrx_word' id='word_1_28' title='bbox 1166 621 1236 654; x_wconf 90' lang='lat' dir='ltr'>est</span> <span class='ocrx_word' id='word_1_29' title='bbox 1263 613 1372 654; x_wconf 89' lang='lat' dir='ltr'>fides</span> <span class='ocrx_word' id='word_1_30' title='bbox 1400 614 1634 656; x_wconf 88' lang='lat' dir='ltr'>charitatis</span> <span class='ocrx_word' id='word_1_31' title='bbox 1660 616 1717 656; x_wconf 91' lang='lat' dir='ltr'>ab</span> 
     </span>
     <span class='ocr_line' id='line_1_5' title="bbox 231 672 1715 726; baseline 0.003 -13"><span class='ocrx_word' id='word_1_32' title='bbox 231 672 350 726; x_wconf 88' lang='lat' dir='ltr'>Ipso,</span> <span class='ocrx_word' id='word_1_33' title='bbox 374 682 577 715; x_wconf 87' lang='lat' dir='ltr'><strong>removet</strong></span> <span class='ocrx_word' id='word_1_34' title='bbox 604 676 754 715; x_wconf 91' lang='lat' dir='ltr'>omnia</span> <span class='ocrx_word' id='word_1_35' title='bbox 781 675 899 716; x_wconf 89' lang='lat' dir='ltr'>mala</span> <span class='ocrx_word' id='word_1_36' title='bbox 922 677 1212 717; x_wconf 84' lang='lat' dir='ltr'>scaturientia</span> <span class='ocrx_word' id='word_1_37' title='bbox 1234 691 1292 717; x_wconf 92' lang='lat' dir='ltr'>ex</span> <span class='ocrx_word' id='word_1_38' title='bbox 1320 677 1544 717; x_wconf 89' lang='lat' dir='ltr'>amoribus</span> <span class='ocrx_word' id='word_1_39' title='bbox 1571 678 1635 718; x_wconf 90' lang='lat' dir='ltr'>sui</span> <span class='ocrx_word' id='word_1_40' title='bbox 1668 684 1715 718; x_wconf 95' lang='lat' dir='ltr'>et</span> 
     </span>
     <span class='ocr_line' id='line_1_6' title="bbox 231 736 1714 792; baseline 0.003 -16"><span class='ocrx_word' id='word_1_41' title='bbox 231 736 396 784; x_wconf 89' lang='lat' dir='ltr'>mundi,</span> <span class='ocrx_word' id='word_1_42' title='bbox 430 743 476 778; x_wconf 94' lang='lat' dir='ltr'>et</span> <span class='ocrx_word' id='word_1_43' title='bbox 508 737 582 777; x_wconf 89' lang='lat' dir='ltr'>illa</span> <span class='ocrx_word' id='word_1_44' title='bbox 614 737 764 790; x_wconf 87' lang='lat' dir='ltr'>dejicit</span> <span class='ocrx_word' id='word_1_45' title='bbox 791 738 838 778; x_wconf 52' lang='lat' dir='ltr'>‘in</span> <span class='ocrx_word' id='word_1_46' title='bbox 872 738 1089 779; x_wconf 87' lang='lat' dir='ltr'>infernum</span> <span class='ocrx_word' id='word_1_47' title='bbox 1121 739 1239 779; x_wconf 91' lang='lat' dir='ltr'>unde</span> <span class='ocrx_word' id='word_1_48' title='bbox 1271 745 1389 788; x_wconf 92' lang='lat' dir='ltr'>sunt,</span> <span class='ocrx_word' id='word_1_49' title='bbox 1424 753 1559 792; x_wconf 88' lang='lat' dir='ltr'>quare</span> <span class='ocrx_word' id='word_1_50' title='bbox 1591 739 1714 787; x_wconf 90' lang='lat' dir='ltr'>dicit,</span> 
     </span>
     <span class='ocr_line' id='line_1_7' title="bbox 230 799 1716 855; baseline 0.002 -16"><span class='ocrx_word' id='word_1_51' title='bbox 230 799 349 851; x_wconf 92' lang='lat' dir='ltr'>quod</span> <span class='ocrx_word' id='word_1_52' title='bbox 379 800 451 840; x_wconf 90' lang='lat' dir='ltr'>“si</span> <span class='ocrx_word' id='word_1_53' title='bbox 478 800 643 840; x_wconf 81' lang='lat' dir='ltr'>dixerit</span> <span class='ocrx_word' id='word_1_54' title='bbox 671 802 827 848; x_wconf 88' lang='lat' dir='ltr'>monti,</span> <span class='ocrx_word' id='word_1_55' title='bbox 854 800 1035 842; x_wconf 85' lang='lat' dir='ltr'>Tollere</span> <span class='ocrx_word' id='word_1_56' title='bbox 1062 808 1108 842; x_wconf 87' lang='lat' dir='ltr'>et</span> <span class='ocrx_word' id='word_1_57' title='bbox 1135 801 1300 855; x_wconf 90' lang='lat' dir='ltr'>projice</span> <span class='ocrx_word' id='word_1_58' title='bbox 1327 808 1373 843; x_wconf 94' lang='lat' dir='ltr'>te</span> <span class='ocrx_word' id='word_1_59' title='bbox 1404 803 1447 842; x_wconf 90' lang='lat' dir='ltr'>in</span> <span class='ocrx_word' id='word_1_60' title='bbox 1475 815 1610 849; x_wconf 90' lang='lat' dir='ltr'>mare,</span> <span class='ocrx_word' id='word_1_61' title='bbox 1639 801 1716 842; x_wconf 91' lang='lat' dir='ltr'>fiet</span> 
     </span>
     <span class='ocr_line' id='line_1_8' title="bbox 231 862 1716 917; baseline 0.002 -16"><span class='ocrx_word' id='word_1_62' title='bbox 231 875 344 914; x_wconf 91' lang='lat' dir='ltr'>quae</span> <span class='ocrx_word' id='word_1_63' title='bbox 362 862 477 902; x_wconf 88' lang='lat' dir='ltr'>dixit</span> <span class='ocrx_word' id='word_1_64' title='bbox 497 862 529 912; x_wconf 93' lang='lat'>;&#39;‘</span> <span class='ocrx_word' id='word_1_65' title='bbox 554 877 632 916; x_wconf 90' lang='lat' dir='ltr'>per</span> <span class='ocrx_word' id='word_1_66' title='bbox 652 866 675 882; x_wconf 93' lang='lat'>“</span> <span class='ocrx_word' id='word_1_67' title='bbox 690 863 924 904; x_wconf 84' lang='lat' dir='ltr'>montem”</span> <span class='ocrx_word' id='word_1_68' title='bbox 947 865 1065 904; x_wconf 91' lang='lat' dir='ltr'>enim</span> <span class='ocrx_word' id='word_1_69' title='bbox 1084 863 1392 917; x_wconf 88' lang='lat' dir='ltr'>significantur</span> <span class='ocrx_word' id='word_1_70' title='bbox 1407 864 1524 905; x_wconf 88' lang='lat' dir='ltr'>mala</span> <span class='ocrx_word' id='word_1_71' title='bbox 1540 864 1716 904; x_wconf 92' lang='lat' dir='ltr'>illorum</span> 
     </span>
     <span class='ocr_line' id='line_1_9' title="bbox 231 925 1717 980; baseline 0.001 -15"><span class='ocrx_word' id='word_1_72' title='bbox 231 938 448 973; x_wconf 90' lang='lat' dir='ltr'>amorum,</span> <span class='ocrx_word' id='word_1_73' title='bbox 483 932 528 966; x_wconf 89' lang='lat' dir='ltr'>et</span> <span class='ocrx_word' id='word_1_74' title='bbox 567 939 644 978; x_wconf 89' lang='lat' dir='ltr'>per</span> <span class='ocrx_word' id='word_1_75' title='bbox 678 925 870 967; x_wconf 84' lang='lat' dir='ltr'>“mare”</span> <span class='ocrx_word' id='word_1_76' title='bbox 901 926 1178 979; x_wconf 86' lang='lat' dir='ltr'>significatur</span> <span class='ocrx_word' id='word_1_77' title='bbox 1211 927 1456 977; x_wconf 89' lang='lat' dir='ltr'>infernum;</span> <span class='ocrx_word' id='word_1_78' title='bbox 1501 927 1603 967; x_wconf 90' lang='lat' dir='ltr'>inde</span> <span class='ocrx_word' id='word_1_79' title='bbox 1639 940 1717 980; x_wconf 87' lang='lat' dir='ltr'>per</span> 
     </span>
     <span class='ocr_line' id='line_1_10' title="bbox 234 988 1718 1042; baseline 0 -14"><span class='ocrx_word' id='word_1_80' title='bbox 234 988 420 1028; x_wconf 84' lang='lat' dir='ltr'>“dicere</span> <span class='ocrx_word' id='word_1_81' title='bbox 452 989 608 1035; x_wconf 87' lang='lat' dir='ltr'>monti,</span> <span class='ocrx_word' id='word_1_82' title='bbox 638 988 859 1036; x_wconf 85' lang='lat' dir='ltr'>Tollere,”</span> <span class='ocrx_word' id='word_1_83' title='bbox 885 989 1162 1042; x_wconf 87' lang='lat' dir='ltr'>significatur</span> <span class='ocrx_word' id='word_1_84' title='bbox 1192 991 1411 1030; x_wconf 89' lang='lat' dir='ltr'>removeri</span> <span class='ocrx_word' id='word_1_85' title='bbox 1443 989 1532 1037; x_wconf 86' lang='lat' dir='ltr'>illa,</span> <span class='ocrx_word' id='word_1_86' title='bbox 1562 996 1607 1030; x_wconf 91' lang='lat' dir='ltr'>et</span> <span class='ocrx_word' id='word_1_87' title='bbox 1639 1002 1718 1042; x_wconf 91' lang='lat' dir='ltr'>per</span> 
     </span>
     <span class='ocr_line' id='line_1_11' title="bbox 234 1050 1714 1104; baseline 0 -13"><span class='ocrx_word' id='word_1_88' title='bbox 234 1050 423 1104; x_wconf 84' lang='lat' dir='ltr'>“projici</span> <span class='ocrx_word' id='word_1_89' title='bbox 445 1052 488 1091; x_wconf 91' lang='lat' dir='ltr'>in</span> <span class='ocrx_word' id='word_1_90' title='bbox 512 1065 632 1092; x_wconf 88' lang='lat' dir='ltr'>mare</span> <span class='ocrx_word' id='word_1_91' title='bbox 645 1052 663 1066; x_wconf 91' lang='lat'><strong>”</strong></span> <span class='ocrx_word' id='word_1_92' title='bbox 686 1051 963 1104; x_wconf 87' lang='lat' dir='ltr'>significatur</span> <span class='ocrx_word' id='word_1_93' title='bbox 986 1052 1114 1104; x_wconf 90' lang='lat' dir='ltr'>dejici</span> <span class='ocrx_word' id='word_1_94' title='bbox 1140 1053 1182 1093; x_wconf 93' lang='lat' dir='ltr'>in</span> <span class='ocrx_word' id='word_1_95' title='bbox 1206 1053 1423 1093; x_wconf 89' lang='lat' dir='ltr'>infernum</span> <span class='ocrx_word' id='word_1_96' title='bbox 1444 1053 1561 1092; x_wconf 91' lang='lat' dir='ltr'>unde</span> <span class='ocrx_word' id='word_1_97' title='bbox 1585 1058 1714 1092; x_wconf 91' lang='lat' dir='ltr'>sunt:</span> 
     </span>
     <span class='ocr_line' id='line_1_12' title="bbox 232 1113 1715 1168; baseline 0 -14"><span class='ocrx_word' id='word_1_98' title='bbox 232 1127 291 1154; x_wconf 90' lang='lat' dir='ltr'>ex</span> <span class='ocrx_word' id='word_1_99' title='bbox 314 1114 397 1154; x_wconf 88' lang='lat' dir='ltr'>hac</span> <span class='ocrx_word' id='word_1_100' title='bbox 425 1113 754 1166; x_wconf 80' lang='lat' dir='ltr'>significatione</span> <span class='ocrx_word' id='word_1_101' title='bbox 779 1114 1016 1155; x_wconf 88' lang='lat' dir='ltr'>“montis&#39;’</span> <span class='ocrx_word' id='word_1_102' title='bbox 1042 1122 1088 1156; x_wconf 92' lang='lat' dir='ltr'>et</span> <span class='ocrx_word' id='word_1_103' title='bbox 1118 1115 1320 1156; x_wconf 88' lang='lat' dir='ltr'>“maris&#39;’</span> <span class='ocrx_word' id='word_1_104' title='bbox 1346 1115 1431 1156; x_wconf 91' lang='lat' dir='ltr'>hoc</span> <span class='ocrx_word' id='word_1_105' title='bbox 1456 1115 1574 1168; x_wconf 91' lang='lat' dir='ltr'>apud</span> <span class='ocrx_word' id='word_1_106' title='bbox 1597 1114 1715 1154; x_wconf 91' lang='lat' dir='ltr'>anti-</span> 
     </span>
     <span class='ocr_line' id='line_1_13' title="bbox 233 1177 1718 1230; baseline 0 -14"><span class='ocrx_word' id='word_1_107' title='bbox 233 1189 343 1229; x_wconf 87' lang='lat' dir='ltr'>quos</span> <span class='ocrx_word' id='word_1_108' title='bbox 366 1177 408 1216; x_wconf 90' lang='lat' dir='ltr'>in</span> <span class='ocrx_word' id='word_1_109' title='bbox 432 1189 716 1217; x_wconf 90' lang='lat' dir='ltr'>communem</span> <span class='ocrx_word' id='word_1_110' title='bbox 741 1190 994 1218; x_wconf 90' lang='lat' dir='ltr'>sermonem</span> <span class='ocrx_word' id='word_1_111' title='bbox 1018 1178 1156 1224; x_wconf 84' lang='lat' dir='ltr'>venit,</span> <span class='ocrx_word' id='word_1_112' title='bbox 1181 1191 1281 1218; x_wconf 91' lang='lat' dir='ltr'>cum</span> <span class='ocrx_word' id='word_1_113' title='bbox 1305 1178 1361 1218; x_wconf 92' lang='lat' dir='ltr'>de</span> <span class='ocrx_word' id='word_1_114' title='bbox 1388 1178 1488 1218; x_wconf 89' lang='lat' dir='ltr'>fidei</span> <span class='ocrx_word' id='word_1_115' title='bbox 1512 1177 1718 1230; x_wconf 89' lang='lat' dir='ltr'>potentia</span> 
     </span>
     <span class='ocr_line' id='line_1_14' title="bbox 233 1238 1716 1295; baseline 0.001 -17"><span class='ocrx_word' id='word_1_116' title='bbox 233 1252 380 1279; x_wconf 90' lang='lat' dir='ltr'>sermo</span> <span class='ocrx_word' id='word_1_117' title='bbox 405 1238 510 1289; x_wconf 83' lang='lat' dir='ltr'>suit;</span> <span class='ocrx_word' id='word_1_118' title='bbox 546 1253 634 1279; x_wconf 91' lang='lat' dir='ltr'>non</span> <span class='ocrx_word' id='word_1_119' title='bbox 661 1240 780 1293; x_wconf 90' lang='lat' dir='ltr'>quod</span> <span class='ocrx_word' id='word_1_120' title='bbox 809 1247 988 1280; x_wconf 89' lang='lat' dir='ltr'>montes</span> <span class='ocrx_word' id='word_1_121' title='bbox 1014 1240 1057 1280; x_wconf 92' lang='lat' dir='ltr'>in</span> <span class='ocrx_word' id='word_1_122' title='bbox 1085 1240 1244 1281; x_wconf 91' lang='lat' dir='ltr'>tellure</span> <span class='ocrx_word' id='word_1_123' title='bbox 1272 1247 1461 1295; x_wconf 86' lang='lat' dir='ltr'>possunt</span> <span class='ocrx_word' id='word_1_124' title='bbox 1490 1254 1567 1293; x_wconf 90' lang='lat' dir='ltr'>per</span> <span class='ocrx_word' id='word_1_125' title='bbox 1593 1239 1716 1280; x_wconf 91' lang='lat' dir='ltr'>illam</span> 
     </span>
     <span class='ocr_line' id='line_1_15' title="bbox 234 1300 1716 1356; baseline 0.001 -15"><span class='ocrx_word' id='word_1_126' title='bbox 234 1300 385 1353; x_wconf 89' lang='lat' dir='ltr'>projici</span> <span class='ocrx_word' id='word_1_127' title='bbox 409 1302 450 1341; x_wconf 91' lang='lat' dir='ltr'>in</span> <span class='ocrx_word' id='word_1_128' title='bbox 479 1316 614 1350; x_wconf 89' lang='lat' dir='ltr'>mare,</span> <span class='ocrx_word' id='word_1_129' title='bbox 639 1303 717 1343; x_wconf 89' lang='lat' dir='ltr'>sed</span> <span class='ocrx_word' id='word_1_130' title='bbox 742 1302 860 1342; x_wconf 89' lang='lat' dir='ltr'>mala</span> <span class='ocrx_word' id='word_1_131' title='bbox 882 1316 996 1356; x_wconf 91' lang='lat' dir='ltr'>quae</span> <span class='ocrx_word' id='word_1_132' title='bbox 1021 1303 1078 1343; x_wconf 90' lang='lat' dir='ltr'>ab</span> <span class='ocrx_word' id='word_1_133' title='bbox 1099 1303 1271 1343; x_wconf 87' lang='lat' dir='ltr'>inferno</span> <span class='ocrx_word' id='word_1_134' title='bbox 1298 1309 1501 1356; x_wconf 85' lang='lat' dir='ltr'>possunt.</span> <span class='ocrx_word' id='word_1_135' title='bbox 1564 1302 1716 1343; x_wconf 90' lang='lat' dir='ltr'>Etiam</span> 
     </span>
     <span class='ocr_line' id='line_1_16' title="bbox 237 1364 1716 1418; baseline 0.001 -14"><span class='ocrx_word' id='word_1_136' title='bbox 237 1370 416 1404; x_wconf 89' lang='lat' dir='ltr'>montes</span> <span class='ocrx_word' id='word_1_137' title='bbox 448 1365 490 1404; x_wconf 93' lang='lat' dir='ltr'>in</span> <span class='ocrx_word' id='word_1_138' title='bbox 524 1365 740 1418; x_wconf 86' lang='lat' dir='ltr'>spirituali</span> <span class='ocrx_word' id='word_1_139' title='bbox 779 1366 960 1411; x_wconf 80' lang='lat' dir='ltr'>mundo.</span> <span class='ocrx_word' id='word_1_140' title='bbox 994 1378 1125 1418; x_wconf 88' lang='lat' dir='ltr'>super</span> <span class='ocrx_word' id='word_1_141' title='bbox 1155 1365 1311 1418; x_wconf 91' lang='lat' dir='ltr'>quibus</span> <span class='ocrx_word' id='word_1_142' title='bbox 1348 1365 1558 1405; x_wconf 90' lang='lat' dir='ltr'>habitant</span> <span class='ocrx_word' id='word_1_143' title='bbox 1597 1364 1716 1412; x_wconf 86' lang='lat' dir='ltr'>mali,</span> 
     </span>
     <span class='ocr_line' id='line_1_17' title="bbox 235 1426 1716 1482; baseline 0.001 -16"><span class='ocrx_word' id='word_1_144' title='bbox 235 1426 383 1468; x_wconf 88' lang='lat' dir='ltr'>solent</span> <span class='ocrx_word' id='word_1_145' title='bbox 403 1441 480 1480; x_wconf 91' lang='lat' dir='ltr'>per</span> <span class='ocrx_word' id='word_1_146' title='bbox 494 1426 640 1474; x_wconf 86' lang='lat' dir='ltr'>fidem,</span> <span class='ocrx_word' id='word_1_147' title='bbox 658 1442 771 1482; x_wconf 89' lang='lat' dir='ltr'>quae</span> <span class='ocrx_word' id='word_1_148' title='bbox 788 1442 814 1468; x_wconf 92' lang='lat' dir='ltr'>a</span> <span class='ocrx_word' id='word_1_149' title='bbox 839 1428 1047 1476; x_wconf 91' lang='lat' dir='ltr'>Domino,</span> <span class='ocrx_word' id='word_1_150' title='bbox 1067 1428 1208 1468; x_wconf 91' lang='lat' dir='ltr'>everti</span> <span class='ocrx_word' id='word_1_151' title='bbox 1223 1433 1268 1468; x_wconf 93' lang='lat' dir='ltr'>et</span> <span class='ocrx_word' id='word_1_152' title='bbox 1285 1427 1435 1480; x_wconf 91' lang='lat' dir='ltr'>projici</span> <span class='ocrx_word' id='word_1_153' title='bbox 1453 1442 1461 1477; x_wconf 92' lang='lat'>;</span> <span class='ocrx_word' id='word_1_154' title='bbox 1496 1441 1599 1467; x_wconf 92' lang='lat' dir='ltr'>nam</span> <span class='ocrx_word' id='word_1_155' title='bbox 1615 1440 1716 1468; x_wconf 90' lang='lat' dir='ltr'>cum</span> 
     </span>
     <span class='ocr_line' id='line_1_18' title="bbox 235 1489 1718 1544; baseline 0.001 -15"><span class='ocrx_word' id='word_1_156' title='bbox 235 1489 355 1530; x_wconf 92' lang='lat' dir='ltr'>mala</span> <span class='ocrx_word' id='word_1_157' title='bbox 396 1491 511 1543; x_wconf 89' lang='lat' dir='ltr'>apud</span> <span class='ocrx_word' id='word_1_158' title='bbox 552 1490 653 1531; x_wconf 88' lang='lat' dir='ltr'>illos</span> <span class='ocrx_word' id='word_1_159' title='bbox 694 1490 996 1544; x_wconf 91' lang='lat' dir='ltr'>projiciuntur,</span> <span class='ocrx_word' id='word_1_160' title='bbox 1035 1491 1172 1531; x_wconf 88' lang='lat' dir='ltr'>etiam</span> <span class='ocrx_word' id='word_1_161' title='bbox 1213 1489 1502 1543; x_wconf 90' lang='lat' dir='ltr'>projiciuntur</span> <span class='ocrx_word' id='word_1_162' title='bbox 1539 1496 1718 1531; x_wconf 88' lang='lat' dir='ltr'>montes</span> 
     </span>
     <span class='ocr_line' id='line_1_19' title="bbox 235 1551 1718 1606; baseline 0 -13"><span class='ocrx_word' id='word_1_163' title='bbox 235 1566 366 1605; x_wconf 89' lang='lat' dir='ltr'>super</span> <span class='ocrx_word' id='word_1_164' title='bbox 396 1553 553 1606; x_wconf 89' lang='lat' dir='ltr'>quibus</span> <span class='ocrx_word' id='word_1_165' title='bbox 585 1553 807 1601; x_wconf 88' lang='lat' dir='ltr'>habitant,</span> <span class='ocrx_word' id='word_1_166' title='bbox 843 1560 890 1594; x_wconf 91' lang='lat' dir='ltr'>ut</span> <span class='ocrx_word' id='word_1_167' title='bbox 922 1567 1054 1606; x_wconf 89' lang='lat' dir='ltr'>supra</span> <span class='ocrx_word' id='word_1_168' title='bbox 1085 1552 1322 1606; x_wconf 86' lang='lat' dir='ltr'>aliquoties</span> <span class='ocrx_word' id='word_1_169' title='bbox 1354 1551 1520 1593; x_wconf 58' lang='lat' dir='ltr'>dietum</span> <span class='ocrx_word' id='word_1_170' title='bbox 1553 1559 1638 1601; x_wconf 86' lang='lat' dir='ltr'>est,</span> <span class='ocrx_word' id='word_1_171' title='bbox 1672 1559 1718 1593; x_wconf 89' lang='lat' dir='ltr'>et</span> 
     </span>
     <span class='ocr_line' id='line_1_20' title="bbox 234 1615 1718 1669; baseline 0 -13"><span class='ocrx_word' id='word_1_172' title='bbox 234 1630 409 1669; x_wconf 89' lang='lat' dir='ltr'>quoque</span> <span class='ocrx_word' id='word_1_173' title='bbox 433 1616 538 1656; x_wconf 92' lang='lat' dir='ltr'>mihi</span> <span class='ocrx_word' id='word_1_174' title='bbox 565 1630 698 1669; x_wconf 86' lang='lat' dir='ltr'>saepe</span> <span class='ocrx_word' id='word_1_175' title='bbox 721 1617 876 1656; x_wconf 90' lang='lat' dir='ltr'>visum.</span> <span class='ocrx_word' id='word_1_176' title='bbox 938 1615 1070 1669; x_wconf 80' lang='lat' dir='ltr'>Quod</span> <span class='ocrx_word' id='word_1_177' title='bbox 1094 1629 1183 1656; x_wconf 91' lang='lat' dir='ltr'>non</span> <span class='ocrx_word' id='word_1_178' title='bbox 1209 1615 1295 1656; x_wconf 89' lang='lat' dir='ltr'>alia</span> <span class='ocrx_word' id='word_1_179' title='bbox 1317 1615 1427 1656; x_wconf 88' lang='lat' dir='ltr'>fides</span> <span class='ocrx_word' id='word_1_180' title='bbox 1451 1629 1584 1669; x_wconf 90' lang='lat' dir='ltr'>quam</span> <span class='ocrx_word' id='word_1_181' title='bbox 1607 1615 1718 1656; x_wconf 89' lang='lat' dir='ltr'>fides</span> 
     </span>
     <span class='ocr_line' id='line_1_21' title="bbox 235 1678 1720 1732; baseline 0.001 -14"><span class='ocrx_word' id='word_1_182' title='bbox 235 1678 468 1719; x_wconf 87' lang='lat' dir='ltr'>charitatis</span> <span class='ocrx_word' id='word_1_183' title='bbox 500 1693 525 1719; x_wconf 90' lang='lat' dir='ltr'>a</span> <span class='ocrx_word' id='word_1_184' title='bbox 559 1679 754 1719; x_wconf 89' lang='lat' dir='ltr'>Domino</span> <span class='ocrx_word' id='word_1_185' title='bbox 791 1679 861 1720; x_wconf 90' lang='lat' dir='ltr'>hic</span> <span class='ocrx_word' id='word_1_186' title='bbox 899 1678 1192 1732; x_wconf 88' lang='lat' dir='ltr'>intelligatur,</span> <span class='ocrx_word' id='word_1_187' title='bbox 1226 1685 1354 1732; x_wconf 89' lang='lat' dir='ltr'>patet</span> <span class='ocrx_word' id='word_1_188' title='bbox 1390 1693 1415 1719; x_wconf 90' lang='lat' dir='ltr'>a</span> <span class='ocrx_word' id='word_1_189' title='bbox 1452 1680 1720 1719; x_wconf 88' lang='lat' dir='ltr'>continuato</span> 
     </span>
     <span class='ocr_line' id='line_1_22' title="bbox 235 1741 1334 1795; baseline 0 -13"><span class='ocrx_word' id='word_1_190' title='bbox 235 1755 442 1782; x_wconf 88' lang='lat' dir='ltr'>sermone</span> <span class='ocrx_word' id='word_1_191' title='bbox 471 1742 650 1782; x_wconf 93' lang='lat' dir='ltr'>Domini</span> <span class='ocrx_word' id='word_1_192' title='bbox 676 1742 793 1795; x_wconf 89' lang='lat' dir='ltr'>apud</span> <span class='ocrx_word' id='word_1_193' title='bbox 818 1742 1034 1789; x_wconf 76' lang='lat' dir='ltr'>Marcum,</span> <span class='ocrx_word' id='word_1_194' title='bbox 1063 1741 1135 1782; x_wconf 91' lang='lat' dir='ltr'>ubi</span> <span class='ocrx_word' id='word_1_195' title='bbox 1160 1742 1334 1790; x_wconf 87' lang='lat' dir='ltr'>dicitur,</span> 
     </span>
    </p>
   </div>
   <div class='ocr_carea' id='block_1_3' title="bbox 236 1827 1721 3046">
    <p class='ocr_par' dir='ltr' id='par_1_3' title="bbox 304 1827 1721 2042">
     <span class='ocr_line' id='line_1_23' title="bbox 304 1827 1720 1868; baseline -0.001 -9"><span class='ocrx_word' id='word_1_196' title='bbox 304 1828 326 1841; x_wconf 82' lang='lat'>⁴¹</span> <span class='ocrx_word' id='word_1_197' title='bbox 342 1827 535 1867; x_wconf 82' lang='lat' dir='ltr'>Propterea</span> <span class='ocrx_word' id='word_1_198' title='bbox 559 1828 640 1859; x_wconf 88' lang='lat' dir='ltr'>dico</span> <span class='ocrx_word' id='word_1_199' title='bbox 664 1828 779 1863; x_wconf 82' lang='lat' dir='ltr'>vobis,</span> <span class='ocrx_word' id='word_1_200' title='bbox 807 1827 929 1858; x_wconf 90' lang='lat' dir='ltr'>omnia</span> <span class='ocrx_word' id='word_1_201' title='bbox 953 1836 1183 1868; x_wconf 89' lang='lat' dir='ltr'>quaecunque</span> <span class='ocrx_word' id='word_1_202' title='bbox 1214 1832 1401 1867; x_wconf 88' lang='lat' dir='ltr'>precantes</span> <span class='ocrx_word' id='word_1_203' title='bbox 1426 1827 1560 1867; x_wconf 87' lang='lat' dir='ltr'>petitis,</span> <span class='ocrx_word' id='word_1_204' title='bbox 1588 1827 1720 1858; x_wconf 84' lang='lat' dir='ltr'>credite</span> 
     </span>
     <span class='ocr_line' id='line_1_24' title="bbox 408 1870 1717 1912; baseline 0 -10"><span class='ocrx_word' id='word_1_205' title='bbox 408 1871 501 1912; x_wconf 90' lang='lat' dir='ltr'>quod</span> <span class='ocrx_word' id='word_1_206' title='bbox 518 1871 692 1911; x_wconf 90' lang='lat' dir='ltr'>accepturi</span> <span class='ocrx_word' id='word_1_207' title='bbox 719 1871 809 1908; x_wconf 89' lang='lat' dir='ltr'>sitis,</span> <span class='ocrx_word' id='word_1_208' title='bbox 830 1878 913 1902; x_wconf 91' lang='lat' dir='ltr'>tunc</span> <span class='ocrx_word' id='word_1_209' title='bbox 939 1871 998 1902; x_wconf 85' lang='lat' dir='ltr'>fiet</span> <span class='ocrx_word' id='word_1_210' title='bbox 1015 1870 1138 1901; x_wconf 90' lang='lat' dir='ltr'>vobis:</span> <span class='ocrx_word' id='word_1_211' title='bbox 1165 1880 1244 1901; x_wconf 91' lang='lat' dir='ltr'>cum</span> <span class='ocrx_word' id='word_1_212' title='bbox 1262 1880 1348 1901; x_wconf 88' lang='lat' dir='ltr'>vero</span> <span class='ocrx_word' id='word_1_213' title='bbox 1369 1871 1540 1902; x_wconf 87' lang='lat' dir='ltr'>steteritis</span> <span class='ocrx_word' id='word_1_214' title='bbox 1558 1878 1717 1908; x_wconf 89' lang='lat' dir='ltr'>orantes,</span> 
     </span>
     <span class='ocr_line' id='line_1_25' title="bbox 409 1914 1716 1955; baseline 0 -10"><span class='ocrx_word' id='word_1_215' title='bbox 409 1915 573 1946; x_wconf 86' lang='lat' dir='ltr'>dimittite</span> <span class='ocrx_word' id='word_1_216' title='bbox 591 1915 619 1946; x_wconf 90' lang='lat' dir='ltr'>si</span> <span class='ocrx_word' id='word_1_217' title='bbox 637 1915 718 1955; x_wconf 91' lang='lat' dir='ltr'>quid</span> <span class='ocrx_word' id='word_1_218' title='bbox 737 1915 876 1946; x_wconf 77' lang='lat' dir='ltr'>habetis</span> <span class='ocrx_word' id='word_1_219' title='bbox 893 1919 1018 1945; x_wconf 88' lang='lat' dir='ltr'>contra</span> <span class='ocrx_word' id='word_1_220' title='bbox 1034 1923 1259 1954; x_wconf 79' lang='lat' dir='ltr'>quemquam,</span> <span class='ocrx_word' id='word_1_221' title='bbox 1280 1920 1319 1945; x_wconf 94' lang='lat' dir='ltr'>ut</span> <span class='ocrx_word' id='word_1_222' title='bbox 1336 1914 1442 1945; x_wconf 87' lang='lat' dir='ltr'>etiam</span> <span class='ocrx_word' id='word_1_223' title='bbox 1464 1914 1570 1945; x_wconf 87' lang='lat' dir='ltr'>Pater</span> <span class='ocrx_word' id='word_1_224' title='bbox 1586 1921 1716 1952; x_wconf 87' lang='lat' dir='ltr'>vester,</span> 
     </span>
     <span class='ocr_line' id='line_1_26' title="bbox 409 1957 1721 1998; baseline -0.001 -9"><span class='ocrx_word' id='word_1_225' title='bbox 409 1958 467 1998; x_wconf 90' lang='lat' dir='ltr'>qui</span> <span class='ocrx_word' id='word_1_226' title='bbox 486 1958 521 1988; x_wconf 88' lang='lat' dir='ltr'>in</span> <span class='ocrx_word' id='word_1_227' title='bbox 535 1958 654 1995; x_wconf 84' lang='lat' dir='ltr'>caelis,</span> <span class='ocrx_word' id='word_1_228' title='bbox 669 1958 826 1989; x_wconf 86' lang='lat' dir='ltr'>dimittat</span> <span class='ocrx_word' id='word_1_229' title='bbox 839 1958 941 1989; x_wconf 82' lang='lat' dir='ltr'>vobis</span> <span class='ocrx_word' id='word_1_230' title='bbox 955 1957 1076 1997; x_wconf 90' lang='lat' dir='ltr'>lapsus</span> <span class='ocrx_word' id='word_1_231' title='bbox 1088 1963 1227 1988; x_wconf 89' lang='lat' dir='ltr'>vestros</span> <span class='ocrx_word' id='word_1_232' title='bbox 1242 1966 1248 1991; x_wconf 84' lang='lat'>:</span> <span class='ocrx_word' id='word_1_233' title='bbox 1266 1957 1296 1988; x_wconf 89' lang='lat' dir='ltr'>si</span> <span class='ocrx_word' id='word_1_234' title='bbox 1310 1967 1395 1988; x_wconf 90' lang='lat' dir='ltr'>vero</span> <span class='ocrx_word' id='word_1_235' title='bbox 1410 1967 1474 1988; x_wconf 89' lang='lat' dir='ltr'>vos</span> <span class='ocrx_word' id='word_1_236' title='bbox 1489 1967 1562 1988; x_wconf 89' lang='lat' dir='ltr'>non</span> <span class='ocrx_word' id='word_1_237' title='bbox 1576 1957 1721 1988; x_wconf 88' lang='lat' dir='ltr'>dimise-</span> 
     </span>
     <span class='ocr_line' id='line_1_27' title="bbox 410 1999 1720 2042; baseline 0 -10"><span class='ocrx_word' id='word_1_238' title='bbox 410 2002 498 2038; x_wconf 79' lang='lat' dir='ltr'>ritis,</span> <span class='ocrx_word' id='word_1_239' title='bbox 527 2012 641 2042; x_wconf 87' lang='lat' dir='ltr'>neque</span> <span class='ocrx_word' id='word_1_240' title='bbox 668 2002 774 2033; x_wconf 87' lang='lat' dir='ltr'>Pater</span> <span class='ocrx_word' id='word_1_241' title='bbox 790 2007 920 2038; x_wconf 90' lang='lat' dir='ltr'>vester,</span> <span class='ocrx_word' id='word_1_242' title='bbox 941 2000 1000 2042; x_wconf 93' lang='lat' dir='ltr'>qui</span> <span class='ocrx_word' id='word_1_243' title='bbox 1026 2001 1062 2031; x_wconf 90' lang='lat' dir='ltr'>in</span> <span class='ocrx_word' id='word_1_244' title='bbox 1086 2000 1206 2038; x_wconf 88' lang='lat' dir='ltr'>caelis,</span> <span class='ocrx_word' id='word_1_245' title='bbox 1227 2000 1382 2031; x_wconf 85' lang='lat' dir='ltr'>dimittet</span> <span class='ocrx_word' id='word_1_246' title='bbox 1405 2001 1526 2041; x_wconf 88' lang='lat' dir='ltr'>lapsus</span> <span class='ocrx_word' id='word_1_247' title='bbox 1550 1999 1720 2032; x_wconf 88' lang='lat' dir='ltr'>vestros”</span> 
     </span>
    </p>

    <p class='ocr_par' dir='ltr' id='par_1_4' title="bbox 236 2042 1721 3046">
     <span class='ocr_line' id='line_1_28' title="bbox 409 2042 769 2086; baseline 0.006 -11"><span class='ocrx_word' id='word_1_248' title='bbox 409 2042 505 2086; x_wconf 89' lang='lat' dir='ltr'>([xi.]</span> <span class='ocrx_word' id='word_1_249' title='bbox 521 2055 612 2077; x_wconf 90' lang='lat' dir='ltr'>vers.</span> <span class='ocrx_word' id='word_1_250' title='bbox 631 2045 769 2085; x_wconf 85' lang='lat'><strong>24-26&gt;:</strong></span> 
     </span>
     <span class='ocr_line' id='line_1_29' title="bbox 237 2124 1720 2181; baseline -0.001 -14"><span class='ocrx_word' id='word_1_251' title='bbox 237 2141 295 2167; x_wconf 90' lang='lat' dir='ltr'>ex</span> <span class='ocrx_word' id='word_1_252' title='bbox 332 2126 489 2180; x_wconf 90' lang='lat' dir='ltr'>quibus</span> <span class='ocrx_word' id='word_1_253' title='bbox 530 2134 657 2180; x_wconf 89' lang='lat' dir='ltr'>patet</span> <span class='ocrx_word' id='word_1_254' title='bbox 695 2126 814 2181; x_wconf 92' lang='lat' dir='ltr'>quod</span> <span class='ocrx_word' id='word_1_255' title='bbox 855 2126 1002 2167; x_wconf 89' lang='lat' dir='ltr'>“fides</span> <span class='ocrx_word' id='word_1_256' title='bbox 1040 2124 1163 2172; x_wconf 86' lang='lat' dir='ltr'>Dei.”</span> <span class='ocrx_word' id='word_1_257' title='bbox 1194 2125 1250 2166; x_wconf 93' lang='lat' dir='ltr'>de</span> <span class='ocrx_word' id='word_1_258' title='bbox 1283 2139 1370 2178; x_wconf 90' lang='lat' dir='ltr'>qua</span> <span class='ocrx_word' id='word_1_259' title='bbox 1404 2126 1624 2166; x_wconf 91' lang='lat' dir='ltr'>Dominus</span> <span class='ocrx_word' id='word_1_260' title='bbox 1660 2126 1720 2166; x_wconf 94' lang='lat' dir='ltr'>ibi</span> 
     </span>
     <span class='ocr_line' id='line_1_30' title="bbox 237 2187 1721 2242; baseline 0 -13"><span class='ocrx_word' id='word_1_261' title='bbox 237 2189 445 2242; x_wconf 80' lang='lat' dir='ltr'>loquitur.</span> <span class='ocrx_word' id='word_1_262' title='bbox 470 2190 526 2229; x_wconf 89' lang='lat' dir='ltr'>sit</span> <span class='ocrx_word' id='word_1_263' title='bbox 554 2189 664 2230; x_wconf 89' lang='lat' dir='ltr'>fides</span> <span class='ocrx_word' id='word_1_264' title='bbox 690 2189 938 2237; x_wconf 89' lang='lat' dir='ltr'>charitatis,</span> <span class='ocrx_word' id='word_1_265' title='bbox 964 2189 1048 2229; x_wconf 92' lang='lat' dir='ltr'>hoc</span> <span class='ocrx_word' id='word_1_266' title='bbox 1072 2194 1155 2236; x_wconf 90' lang='lat' dir='ltr'>est,</span> <span class='ocrx_word' id='word_1_267' title='bbox 1179 2187 1288 2228; x_wconf 89' lang='lat' dir='ltr'>fides</span> <span class='ocrx_word' id='word_1_268' title='bbox 1315 2202 1427 2241; x_wconf 90' lang='lat' dir='ltr'>quae</span> <span class='ocrx_word' id='word_1_269' title='bbox 1454 2201 1590 2228; x_wconf 90' lang='lat' dir='ltr'>unum</span> <span class='ocrx_word' id='word_1_270' title='bbox 1612 2188 1721 2230; x_wconf 89' lang='lat' dir='ltr'>facit</span> 
     </span>
     <span class='ocr_line' id='line_1_31' title="bbox 236 2250 1719 2305; baseline -0.001 -12"><span class='ocrx_word' id='word_1_271' title='bbox 236 2265 337 2293; x_wconf 91' lang='lat' dir='ltr'>cum</span> <span class='ocrx_word' id='word_1_272' title='bbox 370 2252 605 2299; x_wconf 89' lang='lat' dir='ltr'>charitate,</span> <span class='ocrx_word' id='word_1_273' title='bbox 640 2259 685 2293; x_wconf 89' lang='lat' dir='ltr'>et</span> <span class='ocrx_word' id='word_1_274' title='bbox 718 2253 820 2293; x_wconf 90' lang='lat' dir='ltr'>inde</span> <span class='ocrx_word' id='word_1_275' title='bbox 852 2265 965 2305; x_wconf 92' lang='lat' dir='ltr'>quae</span> <span class='ocrx_word' id='word_1_276' title='bbox 997 2252 1141 2291; x_wconf 91' lang='lat' dir='ltr'>omnis</span> <span class='ocrx_word' id='word_1_277' title='bbox 1172 2257 1241 2291; x_wconf 88' lang='lat' dir='ltr'>est</span> <span class='ocrx_word' id='word_1_278' title='bbox 1273 2264 1299 2290; x_wconf 87' lang='lat' dir='ltr'>a</span> <span class='ocrx_word' id='word_1_279' title='bbox 1331 2250 1555 2291; x_wconf 90' lang='lat' dir='ltr'>Domino:</span> <span class='ocrx_word' id='word_1_280' title='bbox 1590 2264 1719 2304; x_wconf 89' lang='lat' dir='ltr'>prae-</span> 
     </span>
     <span class='ocr_line' id='line_1_32' title="bbox 237 2308 1719 2366; baseline -0.002 -10"><span class='ocrx_word' id='word_1_281' title='bbox 237 2322 362 2356; x_wconf 87' lang='lat' dir='ltr'>terea</span> <span class='ocrx_word' id='word_1_282' title='bbox 400 2314 618 2355; x_wconf 87' lang='lat' dir='ltr'>Dominus</span> <span class='ocrx_word' id='word_1_283' title='bbox 656 2315 733 2355; x_wconf 90' lang='lat' dir='ltr'>illa</span> <span class='ocrx_word' id='word_1_284' title='bbox 769 2315 886 2355; x_wconf 88' lang='lat' dir='ltr'>dixit</span> <span class='ocrx_word' id='word_1_285' title='bbox 923 2314 980 2354; x_wconf 87' lang='lat' dir='ltr'>ad</span> <span class='ocrx_word' id='word_1_286' title='bbox 1018 2308 1258 2366; x_wconf 85' lang='lat' dir='ltr'>discipulos</span> <span class='ocrx_word' id='word_1_287' title='bbox 1295 2326 1395 2353; x_wconf 91' lang='lat' dir='ltr'>cum</span> <span class='ocrx_word' id='word_1_288' title='bbox 1433 2314 1719 2354; x_wconf 90' lang='lat' dir='ltr'>crediderunt</span> 
     </span>
     <span class='ocr_line' id='line_1_33' title="bbox 237 2375 1718 2432; baseline -0.002 -14"><span class='ocrx_word' id='word_1_289' title='bbox 237 2378 357 2432; x_wconf 92' lang='lat' dir='ltr'>quod</span> <span class='ocrx_word' id='word_1_290' title='bbox 390 2378 602 2418; x_wconf 89' lang='lat' dir='ltr'>miracula</span> <span class='ocrx_word' id='word_1_291' title='bbox 635 2384 821 2430; x_wconf 89' lang='lat' dir='ltr'>possent</span> <span class='ocrx_word' id='word_1_292' title='bbox 854 2377 1000 2417; x_wconf 91' lang='lat' dir='ltr'>facere</span> <span class='ocrx_word' id='word_1_293' title='bbox 1031 2390 1090 2416; x_wconf 92' lang='lat' dir='ltr'>ex</span> <span class='ocrx_word' id='word_1_294' title='bbox 1122 2390 1201 2416; x_wconf 89' lang='lat' dir='ltr'>sua</span> <span class='ocrx_word' id='word_1_295' title='bbox 1236 2375 1336 2424; x_wconf 88' lang='lat' dir='ltr'>fide,</span> <span class='ocrx_word' id='word_1_296' title='bbox 1370 2376 1434 2416; x_wconf 89' lang='lat' dir='ltr'>ita</span> <span class='ocrx_word' id='word_1_297' title='bbox 1465 2390 1491 2416; x_wconf 91' lang='lat' dir='ltr'>a</span> <span class='ocrx_word' id='word_1_298' title='bbox 1522 2389 1583 2424; x_wconf 88' lang='lat' dir='ltr'>se,</span> <span class='ocrx_word' id='word_1_299' title='bbox 1618 2388 1718 2416; x_wconf 92' lang='lat' dir='ltr'>cum</span> 
     </span>
     <span class='ocr_line' id='line_1_34' title="bbox 237 2437 1719 2493; baseline -0.002 -12"><span class='ocrx_word' id='word_1_300' title='bbox 237 2448 392 2482; x_wconf 89' lang='lat' dir='ltr'>tamen</span> <span class='ocrx_word' id='word_1_301' title='bbox 418 2440 494 2480; x_wconf 89' lang='lat' dir='ltr'>illa</span> <span class='ocrx_word' id='word_1_302' title='bbox 520 2440 630 2480; x_wconf 91' lang='lat' dir='ltr'>fiunt</span> <span class='ocrx_word' id='word_1_303' title='bbox 658 2455 683 2480; x_wconf 90' lang='lat' dir='ltr'>a</span> <span class='ocrx_word' id='word_1_304' title='bbox 714 2440 799 2480; x_wconf 88' lang='lat' dir='ltr'>fide</span> <span class='ocrx_word' id='word_1_305' title='bbox 832 2454 945 2493; x_wconf 91' lang='lat' dir='ltr'>quae</span> <span class='ocrx_word' id='word_1_306' title='bbox 977 2453 1002 2480; x_wconf 88' lang='lat' dir='ltr'>a</span> <span class='ocrx_word' id='word_1_307' title='bbox 1035 2439 1244 2486; x_wconf 92' lang='lat' dir='ltr'>Domino,</span> <span class='ocrx_word' id='word_1_308' title='bbox 1273 2439 1337 2478; x_wconf 91' lang='lat' dir='ltr'>ita</span> <span class='ocrx_word' id='word_1_309' title='bbox 1368 2452 1393 2478; x_wconf 91' lang='lat' dir='ltr'>a</span> <span class='ocrx_word' id='word_1_310' title='bbox 1426 2439 1622 2478; x_wconf 92' lang='lat' dir='ltr'>Domino</span> <span class='ocrx_word' id='word_1_311' title='bbox 1651 2437 1719 2490; x_wconf 90' lang='lat' dir='ltr'>(ut</span> 
     </span>
     <span class='ocr_line' id='line_1_35' title="bbox 236 2500 1718 2557; baseline -0.003 -14"><span class='ocrx_word' id='word_1_312' title='bbox 236 2517 412 2557; x_wconf 91' lang='lat' dir='ltr'>quoque</span> <span class='ocrx_word' id='word_1_313' title='bbox 440 2509 567 2555; x_wconf 88' lang='lat' dir='ltr'>patet</span> <span class='ocrx_word' id='word_1_314' title='bbox 594 2503 711 2555; x_wconf 91' lang='lat' dir='ltr'>apud</span> <span class='ocrx_word' id='word_1_315' title='bbox 737 2502 1029 2548; x_wconf 72' lang='lat' dir='ltr'>Matthaeum,</span> <span class='ocrx_word' id='word_1_316' title='bbox 1054 2514 1150 2554; x_wconf 92' lang='lat' dir='ltr'>cap.</span> <span class='ocrx_word' id='word_1_317' title='bbox 1179 2501 1284 2540; x_wconf 87' lang='lat' dir='ltr'>xvii.</span> <span class='ocrx_word' id='word_1_318' title='bbox 1319 2511 1380 2552; x_wconf 90' lang='lat'>19,</span> <span class='ocrx_word' id='word_1_319' title='bbox 1406 2511 1472 2547; x_wconf 91' lang='lat'>20,</span> <span class='ocrx_word' id='word_1_320' title='bbox 1497 2500 1569 2540; x_wconf 94' lang='lat' dir='ltr'>ubi</span> <span class='ocrx_word' id='word_1_321' title='bbox 1596 2500 1718 2540; x_wconf 88' lang='lat' dir='ltr'>simi-</span> 
     </span>
     <span class='ocr_line' id='line_1_36' title="bbox 238 2561 1720 2617; baseline -0.001 -12"><span class='ocrx_word' id='word_1_322' title='bbox 238 2565 297 2606; x_wconf 94' lang='lat' dir='ltr'>lia</span> <span class='ocrx_word' id='word_1_323' title='bbox 332 2563 452 2605; x_wconf 71' lang='lat' dir='ltr'>di&amp;a</span> <span class='ocrx_word' id='word_1_324' title='bbox 489 2564 630 2617; x_wconf 84' lang='lat' dir='ltr'>sunt).</span> <span class='ocrx_word' id='word_1_325' title='bbox 700 2563 926 2616; x_wconf 83' lang='lat' dir='ltr'>Quoniam</span> <span class='ocrx_word' id='word_1_326' title='bbox 966 2562 1215 2604; x_wconf 83' lang='lat' dir='ltr'>“montes“</span> <span class='ocrx_word' id='word_1_327' title='bbox 1250 2561 1565 2615; x_wconf 86' lang='lat' dir='ltr'>significabant</span> <span class='ocrx_word' id='word_1_328' title='bbox 1600 2562 1720 2603; x_wconf 86' lang='lat' dir='ltr'>bona</span> 
     </span>
     <span class='ocr_line' id='line_1_37' title="bbox 238 2623 1718 2676; baseline -0.003 -9"><span class='ocrx_word' id='word_1_329' title='bbox 238 2627 402 2667; x_wconf 88' lang='lat' dir='ltr'>amoris</span> <span class='ocrx_word' id='word_1_330' title='bbox 429 2626 651 2674; x_wconf 82' lang='lat' dir='ltr'>caelestiS,</span> <span class='ocrx_word' id='word_1_331' title='bbox 681 2633 727 2666; x_wconf 90' lang='lat' dir='ltr'>et</span> <span class='ocrx_word' id='word_1_332' title='bbox 756 2625 971 2666; x_wconf 86' lang='lat' dir='ltr'>“colles&#39;&#39;</span> <span class='ocrx_word' id='word_1_333' title='bbox 998 2625 1117 2665; x_wconf 91' lang='lat' dir='ltr'>bona</span> <span class='ocrx_word' id='word_1_334' title='bbox 1139 2625 1303 2665; x_wconf 86' lang='lat' dir='ltr'>amoris</span> <span class='ocrx_word' id='word_1_335' title='bbox 1329 2623 1586 2676; x_wconf 86' lang='lat' dir='ltr'>spiritualis,</span> <span class='ocrx_word' id='word_1_336' title='bbox 1616 2624 1718 2663; x_wconf 90' lang='lat' dir='ltr'>ideo</span> 
     </span>
     <span class='ocr_line' id='line_1_38' title="bbox 237 2685 1718 2741; baseline -0.003 -13"><span class='ocrx_word' id='word_1_337' title='bbox 237 2689 422 2741; x_wconf 88' lang='lat' dir='ltr'>antiqui,</span> <span class='ocrx_word' id='word_1_338' title='bbox 456 2688 574 2740; x_wconf 91' lang='lat' dir='ltr'>apud</span> <span class='ocrx_word' id='word_1_339' title='bbox 612 2702 722 2740; x_wconf 91' lang='lat' dir='ltr'>quos</span> <span class='ocrx_word' id='word_1_340' title='bbox 760 2687 951 2728; x_wconf 90' lang='lat' dir='ltr'>ecclesia</span> <span class='ocrx_word' id='word_1_341' title='bbox 989 2686 1376 2740; x_wconf 84' lang='lat' dir='ltr'>repraesentativa</span> <span class='ocrx_word' id='word_1_342' title='bbox 1412 2685 1506 2733; x_wconf 87' lang='lat' dir='ltr'>fuit,</span> <span class='ocrx_word' id='word_1_343' title='bbox 1547 2685 1718 2725; x_wconf 90' lang='lat' dir='ltr'>cultum</span> 
     </span>
     <span class='ocr_line' id='line_1_39' title="bbox 238 2747 1718 2801; baseline -0.003 -11"><span class='ocrx_word' id='word_1_344' title='bbox 238 2763 365 2791; x_wconf 86' lang='lat' dir='ltr'>suum</span> <span class='ocrx_word' id='word_1_345' title='bbox 399 2750 609 2789; x_wconf 87' lang='lat' dir='ltr'>Divinum</span> <span class='ocrx_word' id='word_1_346' title='bbox 647 2749 898 2789; x_wconf 91' lang='lat' dir='ltr'>habuerunt</span> <span class='ocrx_word' id='word_1_347' title='bbox 931 2762 1062 2801; x_wconf 86' lang='lat' dir='ltr'>super</span> <span class='ocrx_word' id='word_1_348' title='bbox 1093 2748 1321 2788; x_wconf 89' lang='lat' dir='ltr'>montibus</span> <span class='ocrx_word' id='word_1_349' title='bbox 1353 2753 1398 2787; x_wconf 91' lang='lat' dir='ltr'>et</span> <span class='ocrx_word' id='word_1_350' title='bbox 1435 2747 1638 2795; x_wconf 91' lang='lat' dir='ltr'>collibus,</span> <span class='ocrx_word' id='word_1_351' title='bbox 1673 2754 1718 2787; x_wconf 93' lang='lat' dir='ltr'>et</span> 
     </span>
     <span class='ocr_line' id='line_1_40' title="bbox 237 2809 1716 2864; baseline -0.003 -12"><span class='ocrx_word' id='word_1_352' title='bbox 237 2813 340 2853; x_wconf 92' lang='lat' dir='ltr'>ideo</span> <span class='ocrx_word' id='word_1_353' title='bbox 358 2812 469 2852; x_wconf 92' lang='lat' dir='ltr'>Zion</span> <span class='ocrx_word' id='word_1_354' title='bbox 493 2825 624 2864; x_wconf 88' lang='lat' dir='ltr'>super</span> <span class='ocrx_word' id='word_1_355' title='bbox 646 2817 800 2851; x_wconf 90' lang='lat' dir='ltr'>monte</span> <span class='ocrx_word' id='word_1_356' title='bbox 823 2811 902 2851; x_wconf 87' lang='lat' dir='ltr'>fuit</span> <span class='ocrx_word' id='word_1_357' title='bbox 925 2823 977 2850; x_wconf 86' lang='lat' dir='ltr'>ac</span> <span class='ocrx_word' id='word_1_358' title='bbox 1004 2809 1322 2862; x_wconf 90' lang='lat' dir='ltr'>Hierosolyma</span> <span class='ocrx_word' id='word_1_359' title='bbox 1339 2822 1470 2861; x_wconf 89' lang='lat' dir='ltr'>super</span> <span class='ocrx_word' id='word_1_360' title='bbox 1488 2809 1716 2849; x_wconf 90' lang='lat' dir='ltr'>montanis</span> 
     </span>
     <span class='ocr_line' id='line_1_41' title="bbox 237 2869 1716 2926; baseline -0.003 -12"><span class='ocrx_word' id='word_1_361' title='bbox 237 2875 346 2915; x_wconf 88' lang='lat' dir='ltr'>infra</span> <span class='ocrx_word' id='word_1_362' title='bbox 369 2873 506 2914; x_wconf 88' lang='lat' dir='ltr'>illum.</span> <span class='ocrx_word' id='word_1_363' title='bbox 555 2872 623 2913; x_wconf 90' lang='lat' dir='ltr'>Ne</span> <span class='ocrx_word' id='word_1_364' title='bbox 646 2874 797 2926; x_wconf 90' lang='lat' dir='ltr'>itaque</span> <span class='ocrx_word' id='word_1_365' title='bbox 818 2872 974 2925; x_wconf 92' lang='lat' dir='ltr'>Judaei</span> <span class='ocrx_word' id='word_1_366' title='bbox 997 2878 1043 2912; x_wconf 91' lang='lat' dir='ltr'>et</span> <span class='ocrx_word' id='word_1_367' title='bbox 1068 2871 1316 2918; x_wconf 90' lang='lat' dir='ltr'>Israelitae‚</span> <span class='ocrx_word' id='word_1_368' title='bbox 1336 2871 1409 2923; x_wconf 93' lang='lat' dir='ltr'>qui</span> <span class='ocrx_word' id='word_1_369' title='bbox 1432 2869 1716 2910; x_wconf 86' lang='lat' dir='ltr'>idololatriae</span> 
     </span>
     <span class='ocr_line' id='line_1_42' title="bbox 237 2931 1719 2983; baseline -0.003 -7"><span class='ocrx_word' id='word_1_370' title='bbox 237 2937 378 2977; x_wconf 86' lang='lat' dir='ltr'>dediti</span> <span class='ocrx_word' id='word_1_371' title='bbox 410 2941 552 2983; x_wconf 88' lang='lat' dir='ltr'>erant,</span> <span class='ocrx_word' id='word_1_372' title='bbox 584 2941 813 2975; x_wconf 89' lang='lat' dir='ltr'>verterent</span> <span class='ocrx_word' id='word_1_373' title='bbox 847 2934 1018 2974; x_wconf 88' lang='lat' dir='ltr'>cultum</span> <span class='ocrx_word' id='word_1_374' title='bbox 1052 2934 1262 2974; x_wconf 90' lang='lat' dir='ltr'>Divinum</span> <span class='ocrx_word' id='word_1_375' title='bbox 1294 2933 1338 2972; x_wconf 91' lang='lat' dir='ltr'>in</span> <span class='ocrx_word' id='word_1_376' title='bbox 1370 2931 1541 2972; x_wconf 90' lang='lat' dir='ltr'>cultum</span> <span class='ocrx_word' id='word_1_377' title='bbox 1573 2931 1719 2972; x_wconf 90' lang='lat' dir='ltr'>idolo-</span> 
     </span>
     <span class='ocr_line' id='line_1_43' title="bbox 238 2993 1718 3046; baseline -0.003 -8"><span class='ocrx_word' id='word_1_378' title='bbox 238 2998 457 3045; x_wconf 91' lang='lat' dir='ltr'>latricum‚</span> <span class='ocrx_word' id='word_1_379' title='bbox 497 2997 761 3036; x_wconf 88' lang='lat' dir='ltr'>mandatum</span> <span class='ocrx_word' id='word_1_380' title='bbox 802 2996 888 3036; x_wconf 91' lang='lat' dir='ltr'>illis</span> <span class='ocrx_word' id='word_1_381' title='bbox 929 3002 998 3036; x_wconf 88' lang='lat' dir='ltr'>est</span> <span class='ocrx_word' id='word_1_382' title='bbox 1040 3002 1087 3036; x_wconf 90' lang='lat' dir='ltr'>ut</span> <span class='ocrx_word' id='word_1_383' title='bbox 1130 2995 1274 3035; x_wconf 91' lang='lat' dir='ltr'>solum</span> <span class='ocrx_word' id='word_1_384' title='bbox 1315 2995 1358 3034; x_wconf 87' lang='lat' dir='ltr'>in</span> <span class='ocrx_word' id='word_1_385' title='bbox 1402 2993 1718 3046; x_wconf 86' lang='lat' dir='ltr'>Hierosolyma</span> 
     </span>
    </p>
   </div>
   <div class='ocr_carea' id='block_1_4' title="bbox 1946 0 2008 460">
    <p class='ocr_par' dir='ltr' id='par_1_5' title="bbox 1946 0 2008 460">
     <span class='ocr_line' id='line_1_44' title="bbox 1946 0 2008 460; baseline 0 2900"><span class='ocrx_word' id='word_1_386' title='bbox 1946 0 2008 460; x_wconf 95' lang='lat' dir='ltr'> </span> 
     </span>
    </p>
   </div>
  </div>
 </body>
</html>
