2008 3360
619 351 729 385 CAP.
751 351 831 393 vr,
853 351 992 384 VERS.
1013 350 1162 395 4.-Ν.
1186 340 1264 395 365
1272 339 1345 395 [c].
1643 349 1724 395 715

232 464 444 520 gaudium
475 464 520 504 in
547 463 683 505 corde
701 463 735 514 ;'’
772 463 1088 518 multiplicatio
1113 463 1219 504 boni
1251 469 1298 504 et
1324 463 1431 511 veri,
1457 461 1727 516 intelligitur

232 542 312 583 per
338 527 644 568 “frumentum
672 534 718 568 et
751 534 948 568 mustum
975 539 1130 568 eorum
1157 525 1549 579 multiplicantur”
1577 524 1725 580 (⁴‘sru-

232 597 436 632 mentum
446 589 466 605 ”
480 589 703 642 significat
722 590 903 638 bonum,
920 596 966 630 et
986 594 1010 610 ‘⁴
1024 595 1222 630 mustum
1234 588 1254 603 ‘’
1271 587 1447 642 verum)
1466 602 1475 628 :
1509 589 1612 642 quia
1634 602 1724 642 pax
1780 582 1782 590 ¹

204 683 206 685 v
231 660 302 695 est
333 654 376 694 in
402 653 488 693 illis
514 659 560 694 et
586 666 645 693 ex
672 652 757 693 illis
789 653 891 693 ideo
909 653 1085 701 dicitur,
1116 652 1207 693 “In
1234 665 1346 705 pace
1372 651 1503 692 simul
1537 652 1653 693 cubo
1679 659 1726 693 et

231 717 420 765 dormio,
454 730 557 757 nam
599 716 682 764 Tu,
714 716 932 769 Jehovah,
966 729 1172 757 securum
1214 729 1286 756 me
1326 715 1532 756 habitare
1568 714 1726 766 facis;”

231 793 312 834 per
352 783 549 833 “pacem
596 778 874 832 significatur
919 780 1146 820 internum
1184 777 1430 831 jucundum
1475 777 1603 826 caeli,
1648 791 1727 831 per

233 842 592 884 “securitatem’'
628 841 874 895 jucundum
920 849 1177 890 externum,
1220 847 1267 882 et
1312 855 1390 895 per
1432 841 1636 882 “cubare
1679 847 1726 883 et

232 905 464 955 dormire,‘'
503 918 556 946 ac
598 919 676 959 per
714 905 998 954 “habitare,'’
1034 904 1312 958 significatur
1352 905 1516 944 vivere.
1586 903 1725 957 Apud

230 968 400 1018 Mosen,

299 1057 369 1090 “Si
393 1058 430 1089 in
447 1057 589 1089 statutis
607 1057 695 1089 meis
713 1057 990 1095 ambulaveritis,
1011 1062 1047 1089 et
1071 1062 1261 1098 praecepta
1277 1066 1358 1088 mea
1380 1056 1671 1094 observaveritis,
1691 1062 1728 1088 et

404 1101 559 1133 feceritis
576 1111 619 1132 ea
621 1126 714 1139 .....
722 1101 814 1133 dabo
832 1110 955 1141 pacem
981 1102 1016 1132 in
1034 1107 1139 1137 terra,
1159 1101 1209 1132 ita
1231 1107 1270 1132 ut
1286 1110 1409 1131 secure
1426 1100 1573 1138 cubetis,
1593 1106 1629 1131 et
1652 1110 1726 1131 non

405 1145 698 1186 perterrefaciens
712 1154 719 1183 ;
744 1151 779 1176 et
796 1155 935 1176 cessare
952 1145 1081 1176 faciam
1098 1144 1210 1175 seram
1229 1144 1359 1175 malam
1377 1153 1396 1175 e
1413 1149 1518 1181 terra,
1535 1149 1571 1175 et
1587 1143 1727 1184 gladius

405 1198 478 1220 non
495 1189 661 1220 transibit
677 1198 740 1229 per
757 1195 886 1220 terram
898 1188 917 1200 ''
934 1188 1057 1228 (Levit.
1073 1188 1169 1220 xxvi.
1186 1196 1217 1227 3,
1234 1187 1287 1228 6):

231 1282 349 1323 unde
379 1295 486 1336 pax,
513 1282 601 1323 hoc
628 1288 712 1330 est,
737 1282 855 1322 unde
886 1281 1059 1322 caelum
1092 1287 1138 1322 et
1170 1281 1382 1334 gaudium
1415 1280 1628 1329 caeleste,
1654 1280 1725 1321 hic

231 1344 510 1386 describitur.
571 1345 667 1385 Pax
690 1346 733 1385 in
756 1359 803 1385 se
826 1343 1033 1398 spectata
1050 1358 1140 1385 non
1159 1351 1228 1384 est
1246 1343 1419 1384 caelum
1444 1350 1490 1384 et
1513 1343 1726 1396 gaudium

230 1408 443 1457 caeleste,
471 1409 551 1449 sed
574 1409 684 1449 haec
712 1415 817 1449 sunt
849 1409 892 1449 in
920 1422 1030 1461 pace
1057 1415 1103 1448 et
1129 1422 1189 1448 ex
1212 1421 1348 1461 pace;
1390 1414 1460 1448 est
1487 1408 1606 1448 enim
1634 1420 1725 1460 pax

231 1471 345 1512 sicut
369 1485 527 1513 aurora
553 1478 628 1513 aut
652 1473 767 1512 sicut
794 1485 871 1512 ver
896 1472 940 1511 in
967 1471 1150 1519 mundo,
1179 1484 1293 1524 quae
1319 1471 1564 1524 disponunt
1597 1483 1724 1510 men-

230 1539 300 1575 tes
326 1534 544 1575 humanas
570 1535 627 1575 ad
653 1535 958 1588 recipiendum
986 1534 1122 1574 corde
1143 1533 1339 1586 jucunda
1370 1540 1415 1573 et
1448 1546 1641 1574 amoena
1666 1546 1726 1573 ex

229 1599 280 1639 iis
302 1612 417 1652 quae
442 1612 595 1639 coram
621 1598 761 1639 oculis
785 1604 1020 1651 apparent,
1041 1596 1260 1649 jucundat
1283 1609 1476 1649 namque
1499 1603 1545 1637 et
1572 1609 1726 1636 amoe-

219 1667 309 1702 *nat
340 1660 442 1712 illa;
482 1668 528 1702 et
555 1662 658 1715 quia
688 1675 747 1702 ex
776 1674 887 1714 pace
914 1660 1077 1700 Divina
1103 1666 1207 1700 sunt
1234 1660 1384 1700 omnia
1410 1659 1523 1700 caeli
1555 1666 1602 1699 et
1634 1658 1727 1711 ejus

229 1724 619 1777 gaudii-similiter,
639 1724 743 1765 inde
761 1725 899 1764 etiam
922 1723 1033 1763 haec
1054 1736 1132 1775 per
1152 1726 1348 1776 “pacem
1361 1722 1380 1737 ’¹
1397 1722 1725 1774 intelliguntur.

230 1786 456 1840 Quoniam
475 1788 643 1828 homini
667 1787 840 1827 caelum
859 1793 928 1826 est
952 1799 1011 1826 ex
1030 1786 1179 1825 vivere
1202 1785 1448 1826 secundum
1468 1791 1725 1838 praecepta,

228 1850 333 1891 inde
350 1851 470 1891 enim
487 1848 744 1903 conjunctio
762 1850 801 1890 ei
820 1855 888 1890 est
909 1861 1008 1889 cum
1031 1848 1229 1889 Domino
1246 1862 1255 1898 ;
1278 1848 1380 1889 ideo
1397 1849 1604 1896 dicitur,“
1618 1847 1663 1888 Si
1680 1848 1724 1888 in

228 1914 412 1954 statutis
444 1914 555 1954 meis
586 1912 940 1959 ambulaveritis,
968 1918 1014 1952 et
1047 1918 1291 1964 praecepta
1309 1925 1423 1962 ·mea
1454 1911 1725 1951 observave-

227 1977 337 2025 ritis,
360 1983 407 2017 et
434 1976 628 2017 feceritis
658 1990 725 2023 ea,
750 1976 868 2015 dabo
895 1987 1050 2027 pacem
1078 1975 1121 2014 in
1147 1980 1268 2014 terra
1285 1973 1320 2014 :''
1351 1974 1472 2027 quod
1499 1980 1606 2014 tunc
1634 1986 1725 2014 non

227 2038 468 2080 infestandi
499 2039 589 2079 sint
620 2052 646 2078 a
673 2037 802 2078 malis
838 2044 884 2077 et
910 2036 1046 2082 salsis,
1070 2035 1340 2088 intelligitur
1365 2049 1443 2089 per
1468 2035 1588 2089 quod
1616 2039 1725 2076 “se-

227 2113 330 2141 cure
348 2101 579 2146 cubarent,
596 2107 641 2141 et
657 2113 747 2140 non
772 2097 1182 2152 perterrefaciens‚”
1196 2105 1241 2138 et
1257 2111 1335 2151 per
1349 2098 1468 2151 quod
1485 2102 1510 2118 ‘⁶
1522 2097 1727 2150 Jehovah

228 2176 405 2204 cessare
427 2163 559 2203 saciet
586 2163 723 2202 seram
751 2161 916 2201 malam
946 2174 969 2200 e
996 2160 1154 2207 terra,''
1176 2167 1221 2200 et
1247 2161 1366 2214 quod
1392 2159 1607 2213 “gladius
1634 2172 1724 2199 non

227 2226 435 2266 transibit
454 2239 532 2278 per
555 2225 676 2265 illam
696 2224 729 2275 ;”
762 2238 839 2277 per
859 2223 1033 2263 “feram
1058 2221 1223 2262 malam
1236 2222 1254 2236 ”
1271 2221 1580 2275 significantur
1602 2222 1726 2275 cupi-

227 2288 398 2333 ditates
438 2287 598 2334 malae,
641 2293 686 2327 et
728 2300 807 2339 per
844 2284 1083 2337 “gladium
1099 2283 1118 2298 ’'
1159 2284 1466 2337 significantur
1505 2284 1726 2324 falsitates

226 2350 361 2401 inde;
403 2350 488 2390 hae
520 2357 565 2390 et
603 2349 707 2389 illae
739 2349 982 2388 destruunt
1015 2347 1180 2386 bonum
1215 2354 1260 2387 et
1293 2360 1445 2387 verum
1479 2360 1537 2386 ex
1570 2346 1727 2399 quibus

226 2423 346 2464 pax:
374 2417 422 2451 et
444 2424 523 2463 per
548 2408 782 2449 “terram‘’
806 2407 1089 2460 significatur
1111 2406 1321 2446 ecclesia.
1381 2414 1601 2455 (Quod“'fera
1613 2416 1725 2445 mala'·

225 2470 379 2507 significet
401 2470 589 2506 cupiditates
612 2469 719 2501 malas,
737 2472 767 2496 et
789 2465 1037 2496 destructionem
1059 2465 1134 2494 boni
1156 2475 1214 2503 per
1228 2466 1304 2498 illas.
1322 2466 1465 2494 videatur
1479 2475 1509 2495 n.
1526 2474 1616 2502 4729,
1633 2475 1722 2502 7102,

226 2523 322 2553 9335:
349 2516 438 2552 quod
454 2519 471 2529 ⁴⁴
481 2516 605 2553 gladius
616 2514 632 2523 ”
650 2514 802 2552 significet
825 2513 982 2546 falsitates
998 2517 1028 2541 et
1050 2512 1298 2541 destruetionem
1320 2513 1382 2541 veri
1404 2522 1462 2550 per
1479 2513 1556 2545 illas,
1572 2522 1676 2550 supra,
1693 2522 1724 2542 n.

233 2565 380 2606 131[b]:
405 2570 436 2594 et
450 2566 539 2602 quod
555 2563 572 2573 “
585 2565 695 2593 terra''
716 2563 870 2601 significet
890 2562 1067 2595 ecclesiam,
1087 2562 1181 2590 etiam
1202 2571 1307 2595 supra.
1328 2572 1358 2591 n.
1382 2563 1446 2603 29.
1466 2562 1574 2603 304.)
1633 2551 1722 2604 Qul

231 2625 320 2652 non
363 2611 567 2652 elevatur
608 2625 740 2664 supra
787 2622 966 2650 sensum
1009 2609 1187 2649 litterae
1221 2609 1372 2657 Verbi,
1406 2611 1440 2649 is
1482 2623 1570 2649 non
1603 2609 1726 2649 videt

169 2713 174 2720 ,
227 2674 346 2714 aliud
371 2688 503 2727 quam
539 2674 658 2727 quod
687 2673 764 2726 qui
790 2672 898 2711 vivit
930 2671 1176 2711 secundum
1208 2678 1381 2712 statuta
1412 2678 1457 2711 et
1484 2679 1727 2724 praecepta

226 2735 420 2776 victurus
443 2737 500 2777 sit
526 2737 569 2776 in
595 2749 718 2789 pace,
743 2734 827 2775 hoc
851 2739 935 2780 est,
961 2733 1080 2786 quod
1111 2734 1150 2773 ei
1178 2746 1267 2773 non
1295 2733 1450 2774 hostes
1473 2740 1518 2773 et
1545 2733 1724 2780 inimici,

226 2805 271 2839 et
298 2799 417 2852 quod
444 2799 505 2839 sic
533 2811 690 2838 secure
717 2796 985 2844 cubaturus3
1018 2801 1116 2835 tum
1144 2795 1263 2848 quod
1287 2808 1377 2835 non
1407 2795 1582 2847 aliquae
1607 2794 1726 2835 serae

226 2860 372 2901 malae
388 2860 594 2901 illaturae
615 2860 843 2906 damnum,
860 2863 906 2898 et
924 2857 1044 2910 quod
1064 2870 1153 2897 non
1168 2854 1422 2910 ¹¹1periturus
1439 2857 1616 2909 gladio:
1646 2856 1725 2896 sed

225 2922 310 2964 hoc
333 2935 424 2964 non
447 2929 517 2963 est
540 2920 770 2975 spirituale
789 2919 929 2960 Verbi
949 2932 959 2970 ;
991 2925 1062 2959 est
1084 2932 1222 2972 usque
1241 2918 1443 2959 Verbum
1467 2919 1510 2958 in
1533 2917 1722 2971 singulis

226 2984 471 3038 spirituale,
499 2990 546 3025 et
571 2984 656 3025 hoc
683 2982 798 3023 latet
825 2982 870 3022 in
896 2994 1031 3022 sensu
1057 2979 1236 3022 litterae
1260 2980 1352 3033 ejus
1375 2981 1449 3034 qui
1475 2980 1719 3031 naturalis;
