2008 3360
247 292 330 336 732
662 289 996 324 APOCALYPSIS
1026 289 1326 322 EXPLICATA.

247 405 369 458 quod
396 416 560 457 nempe
585 403 755 444 bonum
781 403 840 443 sit
866 401 1154 455 deperditum
1177 412 1335 451 (videatur
1348 422 1379 442 n.
1398 401 1627 454 361-367);
1659 413 1739 454 per

249 465 510 506 “vitulum”
527 466 646 506 enim
668 463 946 517 significatur
967 463 1135 504 bonum
1153 463 1395 504 ecclesiae:
1430 476 1530 503 cum
1554 462 1737 503 tertium

247 527 413 568 animal
447 527 647 568 locutum
679 533 764 575 est,
793 526 912 580 quod
945 532 1040 566 erat
1067 525 1215 579 quoad
1247 526 1405 567 faciem
1437 527 1551 566 sicut
1584 525 1736 572 homo,

247 590 514 631 describitur
545 591 706 631 tertius
738 595 886 630 status
919 601 1071 629 eorum
1103 589 1177 642 qui
1208 589 1266 629 ab
1297 588 1501 637 ecclesia,
1535 588 1608 641 qui
1640 593 1736 628 erat

247 653 367 707 quod
405 666 494 693 non
533 653 723 706 amplius
754 664 908 692 verum
940 651 1043 704 quia
1080 665 1171 692 non
1208 652 1390 699 bonum,
1424 650 1610 705 proinde
1648 663 1737 690 non

247 716 439 770 amplius
464 716 613 769 aliqua
639 716 874 768 sapientia,
903 727 1007 755 nam
1034 715 1180 755 omnis
1205 716 1427 768 sapientia
1459 721 1528 755 est
1555 714 1646 754 veri
1678 727 1737 754 ex

248 779 368 819 bono
387 793 395 829 ;
429 793 507 832 per
527 783 551 798 ‘⁴
566 777 825 819 hominem”
845 778 964 818 enim
987 776 1264 830 significatur
1286 778 1532 830 sapientia:
1567 782 1613 816 et
1637 787 1738 816 cum

249 842 461 895 quartum'
484 841 649 882 animal
677 841 876 881 locutum
903 846 987 889 est,
1016 840 1135 893 quod
1163 846 1260 881 erat
1287 839 1431 880 simile
1457 839 1632 892 aquilae
1658 852 1737 879 vo-

249 904 376 952 lanti,
397 905 663 946 describitur
680 910 864 957 quartus
888 909 1036 943 status
1053 915 1207 943 eorum
1225 903 1298 956 qui
1320 902 1377 944 ab
1394 902 1598 950 ecclesia,
1619 900 1737 955 quod

249 974 401 1008 essent
425 969 467 1008 in
491 967 620 1008 malis
638 973 683 1008 et
707 967 810 1007 inde
833 965 969 1014 falsis,
989 966 1053 1006 ita
1072 979 1161 1006 non
1179 966 1223 1006 in
1240 965 1389 1019 aliqua
1406 964 1710 1017 intelligentia
1728 977 1736 1014 ;

249 1044 328 1083 per
345 1034 369 1050 ‘⁴
382 1030 577 1084 aquilam
590 1030 608 1045 ”
623 1031 741 1071 enim
760 1028 1037 1082 significatur
1051 1027 1368 1081 intelligentia.
1430 1027 1504 1068 Ex
1524 1028 1591 1068 his
1610 1033 1738 1081 patet

249 1093 369 1146 quod
395 1099 587 1146 quatuor
608 1091 818 1133 animalia
840 1091 996 1132 ordine
1022 1090 1175 1132 locuta
1200 1091 1290 1132 sint
1317 1090 1563 1132 secundum
1590 1103 1738 1131 corre-

250 1156 545 1209 spondentias
572 1170 631 1196 ex
658 1155 882 1208 opposito.

330 1237 453 1282 371.
493 1233 516 1251 ¹¹
533 1228 628 1268 Veni
652 1231 696 1268 et
722 1225 1098 1279 aspico.''—Quod
1129 1225 1356 1279 significet
1386 1225 1672 1266 attentionem
1699 1230 1742 1265 et

248 1288 581 1340 perceptzonem‚
605 1293 788 1328 constat
815 1286 956 1326 etiam
981 1299 1042 1326 ex
1066 1284 1155 1326 illis
1180 1298 1295 1339 quae
1317 1298 1453 1338 supra
1474 1295 1519 1334 (n
1538 1294 1634 1337 354)
1656 1297 1740 1325 ex-

254 1348 422 1402 plicata
448 1355 567 1397 sunt,
597 1349 668 1388 ubi
696 1347 856 1388 similia
882 1347 1031 1387 verba.

331 1420 537 1475 372[a].
572 1421 656 1460 “Et
677 1420 775 1474 [vidi
789 1419 850 1474 et]
871 1432 973 1460 occo
993 1431 1122 1473 equus
1142 1418 1269 1472 nigor.
1274 1418 1493 1471 ⁰—Quod
1515 1417 1740 1472 significet

253 1482 518 1524 zntellefflmn
555 1482 688 1523 Verbz
709 1481 985 1534 deperdztum
1007 1481 1155 1534 quoad
1173 1494 1338 1530 verum,
1363 1486 1546 1522 constat
1568 1494 1627 1521 ex
1650 1480 1740 1533 sig·
1773 1474 1775 1478 ’

254 1544 557 1585 nificatione‘
566 1543 717 1597 ‘equi‚’
722 1543 876 1596 'quod
902 1543 961 1583 sit
986 1541 1249 1582 intellectus
1275 1552 1329 1590 (de
1348 1561 1412 1589 qua
1430 1561 1535 1590 supra,
1559 1561 1590 1581 n.
1616 1550 1739 1594 355);

253 1612 299 1646 et
331 1620 390 1646 ex
417 1604 747 1658 significatione
777 1603 972 1657 “nigri,”
994 1603 1115 1658 quod
1147 1604 1207 1644 sit
1240 1616 1330 1644 non
1357 1616 1538 1653 verum;
1570 1603 1634 1643 ita
1665 1616 1743 1656 per

256 1673 456 1722 “equum
482 1667 688 1721 nigrum’'
715 1666 994 1721 significatur
1018 1664 1275 1708 intelle&us
1301 1666 1561 1719 deperditus
1593 1665 1741 1719 quoad

253 1744 421 1772 verum.
484 1730 617 1784 Quod
647 1730 839 1784 “niger”
863 1729 1085 1784 significet
1112 1742 1203 1770 non
1225 1742 1392 1778 verum,
1418 1734 1487 1769 est
1510 1729 1612 1782 quia
1637 1727 1741 1769 “al-

253 1794 391 1835 bum’'
417 1793 640 1847 significat
667 1806 847 1844 verum;
880 1792 1000 1847 quod
1029 1792 1219 1832 “album
1231 1791 1251 1807 ''
1273 1792 1450 1832 dicatur
1471 1791 1527 1831 de
1549 1791 1671 1840 vero,
1695 1797 1741 1831 et

254 1854 481 1908 significet
520 1854 647 1903 illud,
684 1854 894 1894 videatur
930 1866 1065 1907 supra
1104 1863 1148 1902 (n.
1184 1852 1290 1905 196).
1350 1851 1485 1904 Quod
1514 1850 1741 1892 “album''

254 1916 430 1957 dicatur
454 1916 510 1957 de
535 1930 641 1956 vero
668 1922 714 1956 et
741 1914 964 1968 significet
990 1913 1113 1962 illud,
1133 1919 1202 1955 est
1225 1913 1326 1966 quia
1348 1913 1499 1953 album
1522 1913 1739 1965 originem

255 1979 378 2020 ducit
401 1993 459 2020 ex
482 1978 678 2019 candore
702 1978 825 2027 lucis,
850 1984 896 2019 et
922 1977 1070 2018 “lux''
1093 1975 1318 2030 significat
1340 1988 1520 2026 verum;
1553 1974 1740 2029 et'quod

258 2041 470 2094 “nigrum
482 2041 501 2057 ’'
527 2041 701 2081 dicatur
726 2041 782 2082 de
808 2054 898 2082 non
924 2054 1031 2081 vero
1057 2045 1102 2080 et
1134 2038 1358 2092 significet
1390 2037 1513 2086 illud,
1542 2043 1612 2078 est
1638 2037 1740 2091 quia

256 2104 432 2157 nigrum
455 2104 674 2157 originem
698 2104 821 2145 ducit
844 2118 903 2145 ex
926 2102 1125 2145 tenebris
1148 2115 1225 2142 seu
1248 2115 1307 2142 ex
1329 2101 1581 2154 privatione
1604 2100 1741 2150 lucis;

255 2173 302 2208 et
327 2166 617 2215 “tenebrae,’'
635 2167 737 2220 quia
759 2167 965 2208 existunt
983 2179 1043 2207 ex
1066 2164 1318 2219 privatione
1342 2163 1466 2212 lucis,
1485 2162 1741 2216 significant

255 2230 558 2283 ignorantiam
581 2230 686 2269 veri.
729 2228 862 2282 Quod
888 2233 1065 2283 “equus
1088 2227 1214 2280 niger
1225 2226 1245 2242 ’'
1267 2226 1338 2267 hic
1362 2225 1585 2279 significet
1607 2224 1742 2266 intel-

256 2291 422 2334 1e6³cum
459 2291 598 2332 Verbi
634 2292 919 2345 deperditum
955 2290 1105 2345 quoad
1135 2302 1304 2338 verum,
1338 2289 1476 2330 etiam
1517 2293 1647 2342 patet
1682 2302 1742 2329 ex

255 2352 589 2406 significatione
623 2353 763 2405 “equi
788 2352 908 2401 rufi,''
934 2363 989 2401 (de
1008 2371 1074 2399 quo
1088 2360 1208 2400 supra,)
1238 2350 1360 2403 quod
1389 2347 1742 2390 sit-intellectus

255 2414 514 2468 deperditus
536 2413 684 2467 quoad
711 2414 878 2454 bonum
899 2428 908 2465 ;
941 2414 984 2454 in
1007 2412 1201 2454 ecclesia
1226 2411 1365 2452 etiam
1387 2423 1599 2451 successu
1624 2415 1742 2451 tem-

255 2477 375 2531 poris
400 2477 589 2530 primum
615 2477 730 2530 perit
756 2476 938 2525 bonum,
962 2482 1009 2517 et
1034 2476 1138 2517 dein
1159 2487 1328 2523 verum,
1352 2479 1400 2514 et
1426 2472 1613 2514 tandem
1639 2471 1742 2514 loco

254 2540 361 2581 boni
398 2539 600 2580 succedit
638 2538 819 2587 malum,
861 2545 908 2580 et
949 2538 1051 2580 loco
1086 2538 1179 2579 veri
1217 2536 1404 2587 falsum;
1450 2535 1522 2577 hic
1558 2535 1742 2577 ultimus

255 2609 401 2643 status
428 2601 647 2643 ecclesiae
677 2601 945 2654 intelligitur
970 2615 1048 2655 per
1075 2604 1274 2655 “equum
1300 2596 1623 2653 pallidum,’'de
1653 2611 1742 2652 quo

254 2666 298 2706 in
335 2665 639 2718 sequentibus
713 2663 848 2717 Quod
887 2663 1134 2717 “nigrum”
1177 2661 1402 2716 significet
1442 2675 1534 2702 non
1570 2673 1739 2709 verum,

255 2734 439 2770 constat
470 2741 647 2781 quoque
678 2741 738 2768 ex
769 2726 867 2767 aliis
899 2727 1011 2768 locis
1044 2727 1090 2767 in
1122 2725 1291 2774 Verbo,
1319 2725 1393 2766 ubi
1423 2723 1741 2765 diciturz—Ut

255 2791 375 2845 apud
399 2790 609 2839 Mz'clzam,

323 2896 439 2930 “Nox
454 2896 558 2928 vobis
576 2906 640 2937 pro
658 2896 806 2934 visione,
827 2903 862 2928 et
878 2897 1048 2928 tenebrae
1065 2896 1225 2927 orientur
1237 2894 1340 2926 vobis
1349 2903 1424 2944 pro
1438 2893 1684 2929 divinatione:
1705 2898 1740 2924 et

428 2940 564 2972 occidet
580 2940 635 2971 sol
653 2949 758 2980 super
775 2922 967 2980 p'rophetis,
987 2945 1022 2971 et
1040 2939 1208 2980 nigrescit
1225 2947 1331 2979 super
1348 2937 1391 2969 iis
1410 2936 1515 2968 dies'’
1534 2936 1597 2972 (iii.
1618 2936 1671 2976 6):
