2008 3360
239 320 324 376 698
652 324 986 361 APOCALvPffls
1016 325 1317 360 EXPLICATA.

240 442 450 483 omnibus
480 441 612 482 malls
643 446 689 482 et
719 440 858 480 falsis.
918 449 1043 487 (Qualis
1061 458 1141 487 gens
1159 449 1212 478 illa
1226 459 1246 479 a
1258 450 1414 488 principio
1429 450 1539 486 fuerat,
1555 454 1586 480 et
1599 459 1731 489 quoque

237 506 334 590 lkodie
345 510 401 540 est,
405 506 559 588 lvideatur
570 505 601 534 in
615 504 771 534 Doctrina
782 505 892 533 Novae
903 503 1146 540 Hierosolyma.
1158 511 1190 533 n.
1203 503 1288 542 248.)
1336 493 1389 533 In
1409 492 1549 534 Libro
1567 493 1612 535 P
1613 493 1731 535 rimo

276 562 404 590 amue
422 562 480 596 zs,

255 651 257 654 ·
286 643 288 646 ·
305 621 454 719 ²·*Arcz1ns
468 635 613 718 fc3rtium
627 632 730 665 frad'ti
744 639 848 671 sunt;
865 638 899 664 et
910 632 967 673 qui
982 631 1124 673 impulsi
1137 637 1239 664 erant
1263 633 1370 664 robur
1380 632 1730 666 circumcinxerunt*

425 687 494 717 u.4
521 690 527 710 :

237 762 549 816 propheticum
583 760 812 807 Channae,
844 759 999 799 matris
1032 757 1266 806 Samuelis,
1299 759 1342 799 in
1375 773 1463 813 quo
1493 760 1642 814 agitur
1671 759 1730 802 de

238 825 547 878 deprivatione
573 824 665 864 veri
697 823 814 876 apud
847 821 948 862 illos
979 822 1052 875 qui
1084 822 1140 862 ab
1172 821 1376 870 ecclesia,
1401 823 1502 875 quia
1531 821 1729 863 innulla

238 884 473 928 affefflone
504 888 595 928 veri
631 885 860 939 spirituali,
888 898 939 925 ac
971 885 1028 925 de
1058 885 1319 937 receptione
1350 891 1396 925 et
1428 884 1729 926 illustratione

237 949 412 991 illorum
431 950 503 1003 qui
525 956 657 990 extra
675 948 911 989 ecclesiam
930 948 1032 1000 quia
1053 948 1097 988 in
1119 945 1355 988 affefflone
1372 948 1462 988 veri
1484 947 1699 1000 spirituali
1716 961 1727 998 ;

238 1011 470 1053 doetrinae
486 1012 697 1052 falsorum
716 1025 830 1064 quae
851 1010 936 1050 illis
954 1010 1026 1063 qui
1047 1010 1104 1050 ab
1126 1010 1316 1051 ecclesia
1335 1010 1454 1063 quod
1477 1009 1600 1050 nihili
1622 1010 1728 1059 sint,

238 1075 515 1128 significatur
538 1089 616 1129 per
642 1075 761 1128 quod
787 1079 954 1115 “arcus
975 1073 1156 1114 sortium
1179 1072 1304 1115 sracffi
1332 1075 1421 1114 sint
1439 1073 1472 1124 ;’'
1503 1080 1548 1114 et
1574 1086 1729 1127 recep-

238 1139 303 1179 tio
334 1152 384 1179 ac
417 1138 659 1179 illustratio
690 1137 866 1177 illorum
899 1137 972 1189 qui
1004 1144 1137 1177 extra
1169 1136 1422 1185 ecclesiam,
1454 1135 1731 1189 significatur

238 1214 316 1255 per
344 1202 453 1254 “qui
484 1200 659 1254 impulsi
687 1206 814 1240 erant
857 1200 990 1240 robur
1021 1199 1430 1240 circumcinxerunt
1449 1198 1484 1249 ;’'
1516 1198 1729 1252 “impulsi

238 1263 445 1307 dicuntur
470 1264 542 1317 qui
574 1277 599 1303 a
624 1263 745 1303 falsis
778 1263 1060 1315 ignorantiae
1086 1263 1239 1315 pressi,
1267 1268 1312 1302 et
1342 1261 1542 1302 “robur’'
1568 1261 1731 1302 dicitur

242 1319 299 1372 de
321 1327 526 1380 potentia
548 1334 593 1367 et
615 1326 893 1366 abundantia
915 1326 1007 1366 veri
1030 1339 1089 1366 ex
1113 1326 1246 1366 bono.
1306 1325 1444 1378 Apud
1466 1324 1728 1373 Jeremiam,

306 1418 330 1431 '⁸
342 1416 430 1448 Ecce
450 1416 526 1456 Ego
543 1416 714 1455 frangens
732 1425 850 1447 arcum
866 1414 991 1451 Elami,
1006 1414 1218 1455 principium
1231 1414 1412 1455 potentiae
1423 1413 1502 1454 ejus
1512 1412 1531 1425 '⁷
1541 1413 1639 1454 (xlix.
1653 1414 1728 1454 35):

239 1516 317 1559 per
345 1501 625 1543 “Elamum”
649 1501 915 1554 intelligitur
937 1501 1126 1541 scientia
1149 1514 1263 1554 quae
1285 1499 1499 1541 naturalis
1521 1498 1728 1548 hominis,

238 1572 284 1608 et
315 1566 418 1606 inde
450 1565 634 1614 fiducia;
674 1578 750 1617 per
777 1563 996 1604 “arcum''
1028 1563 1119 1616 ejus
1150 1562 1425 1616 significatur
1450 1562 1638 1603 scientia
1668 1575 1727 1603 ex

238 1642 326 1682 qua
357 1634 405 1669 ut
438 1642 495 1668 ex
524 1626 727 1668 do&rina
760 1634 946 1680 pugnat,
976 1633 1021 1667 et
1054 1640 1132 1680 per
1165 1625 1464 1680 “principium
1498 1624 1731 1678 potentiae

241 1690 366 1743 ejus”
391 1690 665 1743 significatur
692 1689 877 1739 fiducia;
910 1690 1098 1730 scientia
1124 1689 1243 1730 enim
1276 1688 1398 1729 nihili
1424 1687 1546 1729 valet
1572 1688 1607 1728 si
1639 1701 1728 1728 non

240 1754 423 1795 inservit
442 1753 648 1793 rationali
667 1760 711 1793 et
730 1752 945 1806 spirituali
968 1752 1150 1792 homini.
1202 1750 1334 1805 Quod
1353 1765 1431 1805 per
1451 1749 1731 1801 “Elamum’f

238 1816 518 1869 intelligatur
536 1817 721 1856 scientia
744 1829 858 1869 quae
881 1814 1095 1856 naturalis
1116 1814 1323 1864 hominis,
1344 1819 1553 1855 constare
1573 1818 1727 1868 potest

239 1893 297 1920 ex
324 1879 433 1920 locis
459 1879 502 1919 in
525 1878 681 1919 Verbo
702 1879 774 1918 ubi
797 1879 1053 1918 nominatur

311 1968 375 2009 (Ut
406 1969 518 2000 Genes.
541 1978 574 1999 x.
595 1976 659 2000 22:
694 1967 795 2000 Esai.
813 1967 884 2000 xxi.
906 1975 947 2000 2:
985 1967 1113 2010 Jerem.
1131 1977 1214 2000 xxv.
1235 1967 1366 2007 24-26;
1399 1976 1476 2008 cap.
1495 1966 1580 1999 xlix.
1599 1974 1730 2008 34—393

415 2012 536 2043 Ezech.
553 2011 636 2043 xxii.
652 2019 705 2050 24,
722 2011 788 2051 25).

240 2091 377 2146 Apud
403 2090 637 2137 Davidem,

303 2166 476 2209 ‚Jehovah
494 2167 515 2180 ‘⁴
526 2175 665 2197 cessare
679 2165 764 2197 facit
780 2165 875 2196 bella
891 2175 1003 2206 usque
1019 2164 1068 2196 ad
1080 2163 1341 2196 extremitatem
1360 2169 1485 2201 terrae,
1502 2172 1622 2196 arcum
1636 2162 1733 2195 fran-

414 2210 475 2249 git,
493 2216 528 2241 et
544 2215 705 2249 amputat
721 2209 874 2246 hastam,
891 2218 1013 2240 currus
1037 2207 1212 2240 comburit
1235 2207 1317 2248 igne
1329 2206 1347 2219 ”
1360 2207 1434 2248 (Ps.
1448 2207 1532 2239 xlvi.
1548 2215 1589 2238 10
1606 2205 1667 2249 [B.
1680 2207 1729 2239 A.

414 2251 485 2294 9]):

240 2337 342 2391 quia
369 2349 447 2389 per
473 2334 662 2375 “bella’'
687 2334 996 2387 significantur
1021 2347 1199 2388 pugnae
1224 2333 1491 2387 spirituales,
1515 2345 1629 2386 quae
1658 2331 1730 2373 hic

246 2406 349 2440 sunt
381 2398 477 2439 falsi
509 2404 668 2438 contra
700 2411 852 2438 verum
885 2404 931 2438 et
963 2404 1123 2438 contra
1153 2396 1320 2438 bonum
1352 2410 1466 2450 quae
1498 2394 1730 2442 ecclesiae,

242 2461 347 2502 inde
384 2467 511 2514 patet
554 2460 658 2513 quid
696 2459 971 2513 significatur
1007 2473 1085 2513 per
1124 2459 1244 2513 quod
1273 2458 1477 2512 Jehovah
1516 2461 1731 2514 “cessare

240 2524 373 2564 faciet
405 2522 526 2563 bella
557 2536 696 2575 usque
732 2522 788 2562 ad
820 2523 1161 2563 extremitatem
1201 2520 1385 2568 terrae,'’
1416 2533 1578 2573 nempe
1608 2520 1728 2573 quod

241 2599 422 2628 omnem
450 2598 646 2639 pugnam
674 2591 719 2625 et
743 2598 877 2625 omne
899 2585 1128 2625 dissidium
1151 2598 1177 2625 a
1202 2584 1353 2638 primis
1379 2583 1434 2624 ad
1461 2582 1618 2623 ultima
1638 2582 1729 2623 veri

242 2648 485 2698 ecclesiae;
521 2648 824 2688 “extremitas
842 2654 987 2689 terrae
999 2647 1019 2663 '’
1035 2646 1258 2701 significat
1281 2647 1437 2687 ultima
1459 2645 1576 2699 ejus:
1610 2645 1730 2699 quod

244 2724 332 2752 non
357 2711 439 2751 erit
463 2724 613 2763 pugna
635 2708 866 2750 doftrinae
889 2717 1048 2751 contra
1070 2708 1335 2758 doetrinam,
1354 2707 1629 2761 significatur
1651 2721 1730 2762 per

242 2773 360 2827 quod
382 2773 596 2825 “franget
618 2774 768 2812 arcum
786 2771 821 2822 ;‘’
849 2772 966 2825 quod
990 2786 1080 2813 non
1098 2773 1181 2814 erit
1203 2785 1354 2826 pugna
1371 2785 1429 2812 ex
1453 2770 1601 2824 aliquo
1617 2769 1731 2810 falso

244 2836 363 2884 mali,
390 2834 665 2888 significatur
693 2848 770 2887 per
802 2835 920 2888 quod
949 2835 1238 2889 “amputabit
1269 2835 1446 2875 hastam
1464 2833 1498 2884 ;''
1533 2838 1579 2874 et
1611 2832 1730 2886 quod

242 2899 498 2939 destruetur
515 2911 647 2938 omne
665 2895 896 2938 doetrinae
917 2897 1028 2948 falsi,
1046 2911 1125 2951 per
1146 2897 1266 2952 quod
1285 2901 1310 2917 ‘⁴
1323 2910 1475 2938 currus
1496 2895 1730 2937 comburet

242 2960 384 3014 igne.”
444 2960 580 3014 Apud
606 2960 812 3009 eundem,
