2008 3360
255 384 362 427 1270
663 383 994 416 APOCALYPSIS
1025 382 1326 415 EXPLICATA.

248 510 349 538 cum
377 497 499 537 omni
526 495 618 550 ejus
645 503 879 551 apparatu,
904 502 952 538 ut
978 496 1127 550 quoad
1152 496 1345 545 tabulas,
1369 510 1531 545 remos,
1556 496 1738 546 malum.

247 560 395 613 quoad
422 560 672 608 naucleros,
701 561 894 613 remiges
926 566 973 600 et
1005 566 1180 608 nautas,
1209 566 1255 600 et
1286 560 1330 600 in
1362 560 1741 601 antecedentibus

247 630 293 663 et
321 623 702 676 consequentibus
728 623 877 676 quoad
905 635 1091 663 merces
1153 621 1273 676 Quid
1304 629 1456 664 autem
1487 616 1665 676 singula
1696 623 1741 664 in

247 684 467 739 'spirituali
494 699 628 726 sensu
655 684 928 738 significant,
957 684 1183 738 prolixum
1210 685 1325 727 foret
1356 685 1427 727 hic
1457 685 1739 736 describere;

248 749 359 788 satis
392 754 461 789 est
493 748 612 802 quod
644 748 747 789 inde
780 754 991 789 constare
1023 748 1166 801 possit
1199 748 1318 802 quod
1350 747 1544 789 “navis'’
1570 746 1740 801 signifi-

247 817 321 851 cet
344 809 596 851 doctrinam
618 824 678 851 ex
696 810 866 859 Verbo,
892 816 938 851 et
960 811 1081 864 quod
1106 814 1131 831 ‘⁸
1145 810 1367 860 tabulae‚’'
1392 814 1417 831 “
1432 809 1582 860 remi,'’
1602 813 1627 830 ‘⁴
1644 823 1741 851 ma-

249 873 348 913 lus''
375 872 631 926 significent
658 874 780 914 varia
806 887 865 914 ex
892 873 1052 927 quibus
1078 871 1310 925 doctrinm
1342 874 1552 928 quodque
1577 872 1641 914 illi
1667 873 1742 927 qui

247 937 430 984 docent,
444 936 613 976 ducunt
629 942 675 976 et
693 942 871 989 regunt,
888 935 1204 989 intelligantur
1219 950 1297 990 per
1313 940 1338 957 “
1351 935 1744 990 gubernatorem,”

189 992 192 995 ’
250 999 563 1047 “naucleros,’'
597 999 861 1052 “remiges''
897 1005 943 1040 et
983 999 1226 1048 ‘snautasss’
1261 1006 1307 1041 et
1344 1000 1440 1053 ipsa
1475 997 1741 1040 doctrinalia

248 1076 326 1115 per
353 1066 563 1102 “merces
574 1061 593 1076 ”
620 1061 726 1114 ejus,
754 1068 801 1102 et
828 1062 1110 1115 comparatio
1136 1075 1272 1115 opum
1298 1068 1344 1103 et
1371 1062 1626 1103 divitiarum
1649 1061 1740 1114 spi-

248 1124 486 1171 ritualium,
507 1138 620 1178 quae
642 1131 746 1165 sunt
770 1125 1058 1178 cognitiones
1076 1126 1168 1166 veri
1191 1131 1238 1166 et
1261 1125 1367 1166 boni
1390 1139 1470 1179 per
1491 1138 1601 1179 quas
1623 1123 1741 1177 sapi-

249 1188 385 1236 entia,
410 1201 488 1241 per
513 1188 910 1240 “negotiationem
929 1187 962 1228 :”
994 1201 1130 1241 quare
1153 1188 1330 1236 dicitur,
1358 1187 1635 1241 “Sapientes
1661 1187 1740 1235 tui,

249 1250 384 1303 Tyre,
412 1250 587 1291 fuerunt
614 1251 657 1290 in
689 1256 750 1298 te,
777 1250 954 1291 fuerunt
975 1250 1180 1305 ,naucleri
1203 1251 1266 1291 tui
1286 1250 1320 1291 :”
1351 1256 1398 1292 et
1423 1251 1468 1291 in
1495 1251 1645 1304 capite
1670 1263 1742 1291 se-

250 1318 433 1366 quente,
463 1313 534 1353 ubi
558 1314 695 1354 etiam
722 1314 874 1366 agitur
898 1313 955 1354 de
982 1313 1123 1366 Tyro,

319 1407 342 1421 ⁸¹
355 1406 443 1438 Ecce
462 1407 605 1447 sapiens
622 1412 658 1438 tu
679 1416 763 1447 prae
783 1406 943 1444 Daniele,
963 1406 1073 1438 ullum
1092 1406 1267 1438 occultum
1286 1415 1358 1437 non
1376 1405 1640 1437 absconderunt
1659 1404 1744 1442 tibi;

425 1451 460 1481 in
478 1450 654 1490 sapientia
673 1456 733 1481 tua
751 1456 787 1482 et
807 1451 841 1482 in
862 1450 1101 1490 intelligentia
1119 1456 1180 1481 tua
1199 1450 1335 1486 feceras
1355 1450 1418 1481 tibi
1438 1459 1537 1489 opes,
1557 1455 1593 1480 et
1609 1448 1744 1480 feceras

426 1503 550 1525 aurum
569 1500 603 1525 et
619 1499 806 1534 argentum
824 1494 860 1525 in
879 1494 1054 1526 thesauris
1071 1494 1140 1525 tuis
1156 1503 1163 1531 ;
1189 1503 1251 1534 per
1268 1493 1530 1525 multitudinem
1548 1492 1744 1532 sapientiae

424 1544 504 1569 tuae
522 1538 557 1568 in
576 1537 819 1578 negotiatione
836 1543 896 1569 tua
913 1537 1048 1569 feceras
1066 1537 1129 1568 tibi
1147 1547 1234 1578 opes
1245 1536 1264 1548 '⁷
1280 1536 1415 1577 (Ezech.
1432 1536 1555 1568 xxviii.
1572 1535 1668 1575 3-5):

251 1644 310 1671 ex
329 1630 485 1683 quibus
509 1635 637 1682 patet
657 1629 775 1683 quod
800 1643 877 1683 per
897 1632 922 1650 “
936 1629 1106 1682 Tyrum
1119 1629 1138 1644 ’⁹
1156 1635 1202 1670 et
1225 1628 1318 1682 ejus
1339 1628 1713 1681 “negotiationes
1725 1627 1745 1643 ”

252 1693 566 1745 intelligantur
591 1693 880 1746 cognitiones
907 1693 999 1733 veri
1031 1698 1078 1733 et
1111 1692 1217 1733 boni
1249 1706 1327 1746 per
1357 1705 1467 1746 quas
1493 1691 1743 1745 sapientia;

253 1756 358 1810 quid
381 1755 545 1809 alioqui
568 1755 681 1796 foret
709 1761 804 1796 tam
831 1755 975 1796 multa
998 1755 1147 1796 dicere
1172 1755 1229 1796 de
1255 1755 1476 1796 mercibus
1498 1753 1590 1807 ejus
1615 1759 1662 1794 et
1687 1753 1744 1794 de

253 1822 509 1858 mercatura
530 1816 637 1869 ejus,
657 1817 693 1856 si
718 1829 808 1856 non
831 1816 1202 1869 intelligerentur
1223 1814 1505 1869 spiritualia?
1563 1824 1748 1863 (Quodper

250 1881 268 1893 ⁴·
278 1879 401 1916 Tyrum
411 1876 428 1886 ”
444 1877 635 1914 intelligatur
644 1877 776 1906 ecclesia
790 1877 899 1915 quoad
914 1878 1112 1915 cognitiones
1121 1877 1186 1906 veri
1200 1881 1231 1906 et
1245 1876 1332 1910 boni,
1343 1880 1375 1906 et
1388 1876 1463 1905 inde
1477 1875 1673 1913 cognitiones
1682 1875 1747 1904 veri

251 1933 282 1957 et
293 1927 370 1956 boni
380 1936 462 1964 quae
472 1927 634 1961 eeclesiae,
645 1927 789 1956 videatur
801 1927 833 1956 in
843 1927 981 1956 Arcanis
995 1927 1189 1961 Caelestibus,
1200 1935 1231 1956 n.
1243 1926 1345 1964 1201.)
1394 1915 1564 1968 Agitur
1581 1920 1745 1968 pOStea

254 1979 298 2019 in
325 1978 485 2019 eodem
509 1978 657 2031 capite
684 1978 738 2018 de
761 1978 1020 2019 vastatione
1043 1977 1261 2018 ecclesiae
1287 1976 1434 2030 quoad
1457 1976 1743 2029 cognitiones

251 2041 344 2081 veri
370 2046 416 2081 et
448 2040 566 2089 boni,
595 2054 708 2094 quae
734 2041 872 2082 etiam
899 2040 967 2080 his
993 2040 1139 2081 verbis
1166 2039 1447 2088 describitur,

321 2129 412 2160 “Ad
429 2138 553 2160 vocem
572 2129 737 2160 clamoris
758 2129 1004 2160 nauclerorum
1026 2134 1166 2160 tuorum
1184 2128 1459 2160 contremiscent
1479 2129 1692 2166 suburbana,
1711 2133 1748 2159 et

426 2173 645 2204 descendent
668 2183 713 2204 ex
732 2172 884 2203 navibus
903 2173 974 2204 tuis
998 2182 1125 2204 omnes
1145 2178 1308 2204 tenentes
1327 2181 1486 2204 remum:
1516 2181 1642 2203 omnes
1661 2180 1749 2203 nau-

426 2216 508 2247 cleri
523 2216 646 2247 maris.
660 2241 668 2248 .
683 2241 689 2248 .
705 2216 924 2248 ‚clamabunt
937 2225 1044 2256 super
1056 2222 1090 2247 te
1103 2225 1224 2247 amare
1235 2214 1253 2227 '’
1265 2215 1355 2256 (cap.
1370 2215 1479 2247 xxvii.
1495 2212 1584 2257 [28,]
1600 2223 1652 2255 29,
1669 2214 1725 2254 30)
1739 2225 1746 2246 :

253 2317 331 2358 per
355 2302 628 2344 “naucleros
640 2303 659 2318 ”
685 2302 996 2356 significantur
1020 2303 1249 2356 sapientes
1275 2316 1353 2357 per
1375 2303 1661 2356 cognitiones
1687 2316 1747 2343 ex

254 2366 437 2417 Verbo;
470 2380 549 2419 per
573 2370 823 2407 “tenentes
846 2379 1018 2407 remum
1031 2366 1050 2381 ”
1073 2365 1383 2419 significantur
1407 2365 1746 2418 intelligentes;

252 2429 452 2470 vastatio
470 2429 719 2482 sapientiae
738 2435 783 2470 et
802 2428 1136 2482 intelligentiae
1155 2428 1431 2482 significatur
1448 2441 1526 2481 per
1548 2431 1745 2468 “vocem

253 2492 463 2533 clamoris
491 2491 844 2540 nauclerorum,”
866 2498 913 2532 et
940 2505 1018 2545 per
1043 2491 1163 2545 quod
1188 2490 1509 2532 “descendent
1536 2504 1596 2531 ex
1621 2490 1748 2530 navi-

252 2556 335 2596 bus
362 2560 574 2595 tenentes
601 2554 812 2594 remum.”

336 2614 421 2668 [b.]
465 2614 600 2667 Quod
632 2628 711 2667 per
739 2614 951 2655 “naves”
976 2615 1020 2655 in
1057 2614 1210 2655 Verbo
1240 2614 1558 2667 intelligantur
1588 2614 1746 2668 cogni-

254 2677 401 2717 tiones
427 2676 519 2716 veri
551 2682 598 2716 et
631 2677 750 2724 boni,
780 2682 827 2717 et
859 2690 1036 2730 quoque
1067 2674 1332 2716 doctrinalia
1357 2689 1416 2717 ex
1444 2675 1612 2724 Verbo,
1641 2677 1746 2716 dum

254 2753 332 2792 per
352 2742 377 2759 “
390 2752 529 2779 naves
540 2738 560 2753 ’'
578 2738 893 2791 intelliguntur
907 2753 1031 2792 opes,
1047 2739 1111 2779 ita
1126 2744 1346 2779 contenta
1363 2752 1443 2792 pro
1461 2738 1743 2788 continente,

255 2807 439 2843 constat
463 2800 610 2841 adhuc
638 2815 697 2841 ex
725 2801 793 2841 his
820 2801 1157 2855 locisz—Apud
1182 2801 1385 2850 Esaiam,

323 2891 346 2905 '⁸
357 2889 507 2931 Ejulate,
528 2899 638 2920 naves
655 2889 915 2927 Tharschischi,
931 2890 1014 2931 quia
1029 2890 1215 2921 devastata
1230 2896 1285 2921 est
1301 2889 1418 2931 Tyrus
1430 2898 1455 2928 ς.
1469 2912 1477 2921 .
1490 2913 1498 2921 .
1513 2889 1635 2921 ,silent
1649 2888 1750 2921 habi-

429 2939 562 2965 tatores
581 2932 730 2971 insulae,
750 2939 925 2964 mercator
944 2933 1086 2965 Sidonis
1106 2933 1285 2965 transiens
1303 2942 1413 2971 mare,
1435 2932 1672 2973 impleverunt
1690 2937 1747 2966 te:

438 3001 447 3009 .
460 3000 469 3009 .
482 3000 491 3009 .
504 2976 661 3017 ,ejulate‚
677 2985 787 3008 naves
804 2976 1065 3015 Tharsehiscffl,
1077 2977 1159 3018 quia
1174 2977 1397 3008 devastatum
1414 2981 1469 3008 est
1487 2976 1749 3008 munimentum

430 3026 588 3051 vestrum
599 3018 618 3032 ''
635 3018 743 3060 (xxiii.
767 3027 795 3057 1,
813 3027 843 3057 2,
863 3019 934 3059 14):
