2008 3360
683 293 790 327 CAP.
812 294 893 335 v1.,
915 294 1055 327 vERs.
1081 293 1225 338 5.-Ν.
1250 293 1345 338 373.
1676 294 1763 340 737.

265 407 512 449 secundum
526 406 703 448 colores
717 421 871 449 eorum
885 405 1144 449 intellectus
1158 406 1266 460 ejus,
1279 420 1358 461 per
1374 409 1400 427 “
1411 420 1575 461 equum
1586 406 1728 448 rusum
1738 405 1760 423 ’'

265 469 524 512 intellectus
548 470 688 511 Verbi
715 471 976 524 deperditus
1001 470 1150 525 quoad
1175 471 1358 519 bonum,
1383 476 1429 511 et
1452 484 1531 524 per
1555 474 1759 524 “equum

266 534 474 588 nigrum”
500 532 759 575 intellectus
786 533 927 575 Verbi
957 533 1217 588 deperditus
1247 533 1397 587 quoad
1428 546 1598 581 verum,
1627 546 1760 586 supra

268 603 503 639 ostensum
535 602 630 638 est:
665 597 743 637 sed
776 597 878 650 quia
909 610 1045 650 aegre
1076 597 1176 650 capi
1213 602 1370 650 potest
1400 595 1519 649 quod
1554 595 1760 636 “sedens

267 674 400 714 super
437 658 592 713 equis”
629 659 852 712 significet
890 659 1107 708 Verbum,
1144 660 1247 713 quia
1282 673 1362 712 per
1400 662 1578 712 “equos
1617 658 1760 699 rufum

269 730 316 766 et
342 724 519 777 nigrum
531 723 550 738 ''
572 722 850 776 significatur
875 714 1134 764 intellectus
1159 722 1300 764 Verbi
1326 722 1586 776 deperditus
1611 722 1761 775 quoad

267 788 437 828 bonum
463 792 509 828 et
541 786 690 840 quoad
710 790 884 834 verum,
913 800 1050 839 quare
1081 786 1255 827 dicetur
1279 785 1508 839 quomodo
1539 798 1641 826 cum
1673 784 1760 826 hoc

268 864 316 891 se
342 849 481 890 habet
498 848 773 890 :—Verbum
799 849 843 889 in
875 863 923 890 se
949 855 1019 890 est
1051 850 1196 903 ipsum
1228 848 1441 889 Divinum
1467 847 1653 896 Verum,
1681 847 1762 889 sed

267 911 525 954 intellectus
562 911 655 964 ejus
693 918 763 952 est
800 912 1047 953 secundum
1084 918 1255 953 statum
1291 911 1486 952 hominis
1523 911 1602 964 qui⁴
1634 910 1761 964 legit.

272 976 426 1017 Homo
457 975 530 1029 qui
562 988 653 1016 non
685 975 729 1015 in
761 975 882 1015 bono
914 981 998 1024 est,
1032 975 1142 1015 nihil
1173 975 1280 1015 boni
1310 974 1369 1015 ibi
1400 974 1676 1028 appercipit;
1714 979 1762 1015 et

270 1038 408 1080 homo
434 1038 508 1092 qui
534 1051 626 1078 non
651 1038 696 1078 in
718 1038 835 1078 veris
858 1044 927 1079 est
955 1037 1064 1078 nihil
1086 1038 1179 1078 veri
1203 1038 1263 1078 ibi
1283 1037 1435 1087 videt;
1468 1050 1604 1091 quare
1627 1050 1764 1077 causa

269 1115 360 1142 non
387 1107 457 1142 est
489 1101 533 1142 in
560 1100 717 1142 Verbo
749 1100 829 1141 sed
860 1101 903 1141 in
936 1100 1120 1153 legente
1151 1100 1274 1141 illud.
1335 1100 1448 1141 Inde
1480 1106 1609 1154 patet
1641 1099 1763 1153 quod

270 1178 409 1218 usque
456 1163 660 1204 “sedens
705 1177 838 1217 super
882 1164 1005 1217 equis
1050 1162 1275 1217 significet
1315 1163 1532 1212 Verbum,
1575 1163 1762 1204 tametsi

275 1227 443 1282 “equi’'
485 1226 743 1281 significant
784 1225 1066 1268 intellectum
1109 1227 1248 1268 Verbi
1287 1227 1572 1281 deperditum
1612 1226 1762 1280 quoad

271 1292 440 1332 bonum
467 1297 513 1332 et
539 1290 688 1344 quoad
714 1303 881 1331 verum.
943 1289 1077 1343 Quod
1103 1290 1304 1331 “sedens
1336 1304 1468 1344 super
1489 1303 1606 1343 equo
1627 1289 1764 1330 albo’'

253 1353 495 1408 significet
532 1353 750 1402 Verbum,
784 1359 969 1394 constat
1010 1353 1249 1395 manifeste
1288 1353 1333 1394 in
1368 1352 1656 1406 Apocalypsi,
1690 1353 1764 1394 ubi

270 1417 446 1466 dicitur,

335 1512 493 1558 Vocatur
510 1522 643 1544 nomen
661 1512 819 1544 sedentis
837 1521 944 1552 super
959 1521 1050 1557 equo
1068 1511 1130 1543 illo
1151 1511 1340 1544 “Verbum
1359 1511 1426 1544 Dei
1437 1511 1456 1523 ’'
1469 1510 1558 1553 (cap.
1572 1512 1644 1544 xix.
1662 1510 1725 1553 13).

272 1606 405 1661 Quod
427 1622 507 1662 per
531 1611 788 1649 “stateram
802 1608 820 1623 ''
842 1622 919 1649 seu
945 1611 970 1628 “
986 1607 1171 1649 lances”
1188 1607 1465 1661 significetur
1487 1609 1762 1657 aestimatio,

271 1677 319 1712 et
344 1685 521 1725 quoque
541 1671 665 1728 justa
690 1671 930 1720 ordinatio,
958 1684 1072 1724 quae
1098 1670 1147 1712 fit
1174 1684 1253 1724 per
1277 1685 1397 1720 vera,
1425 1677 1610 1713 constat
1642 1672 1761 1725 apud

269 1733 514 1783 Danielem,

337 1823 514 1864 Apparuit
530 1823 706 1864 scriptura
721 1823 757 1855 in
772 1823 906 1864 pariete
920 1833 1038 1854 coram
1056 1822 1289 1855 Belschazare
1302 1833 1386 1864 rege
1400 1823 1555 1861 Babelis,
1573 1833 1653 1855 cum
1666 1824 1766 1855 bibe-

445 1874 500 1899 rat
512 1877 557 1899 ex
569 1867 666 1899 vasis
679 1868 757 1899 auri
770 1874 806 1899 et
818 1867 957 1907 argenti
972 1866 1113 1907 Templi
1129 1866 1463 1908 Hierosolymitani‚
1486 1869 1506 1883 ‘⁴
1520 1868 1628 1899 Mene
1643 1867 1762 1905 Mene,

446 1911 594 1950 Thekel,
622 1917 657 1943 et
683 1911 866 1949 Perezin,''
883 1911 950 1942 hoc
967 1916 1032 1948 est,
1061 1910 1276 1942 Numeratus
1302 1911 1530 1949 Numeratus,
1557 1911 1762 1952 Appensus‚

448 1954 605 1987 Divisus.
658 1956 679 1969 “
694 1955 793 1986 Haec
812 1954 1057 1995 interpretatio
1082 1954 1225 1985 illorum
1242 1956 1433 1986 verborum
1458 1962 1532 1988 est:
1560 1955 1680 1993 Mene,
1701 1965 1765 1986 nu-

445 1999 597 2030 meravit
615 1998 713 2030 Deus
730 2008 880 2039 regnum
905 2004 1003 2029 tuum
1021 2003 1056 2029 et
1073 1997 1188 2029 finivit
1211 1998 1319 2035 illud3
1350 1998 1498 2037 Thekel,
1521 2009 1702 2039 appensus
1726 2008 1765 2030 es

446 2042 482 2073 in
507 2043 642 2074 trutina
664 2049 700 2074 et
723 2043 966 2083 deprehensus
991 2041 1183 2080 deficiens;
1218 2042 1337 2080 Perez,
1355 2043 1511 2074 divisum
1536 2049 1590 2075 est
1613 2050 1764 2084 regnum

445 2092 558 2124 tuum,
578 2093 613 2118 et
631 2087 753 2118 datum
776 2086 883 2117 Medo
903 2092 938 2117 et
959 2085 1117 2116 Persae”
1134 2085 1181 2125 (v,
1199 2086 1338 2127 25-28):

271 2183 539 2225 describitur
564 2198 643 2238 per
667 2184 754 2225 hoc
782 2184 1046 2224 historicum
1073 2183 1116 2223 in
1143 2197 1277 2224 sensu
1303 2185 1483 2225 interno
1510 2184 1764 2238 profanatio

273 2247 379 2288 boni
416 2253 462 2288 et
498 2249 605 2297 veri,
639 2262 753 2302 quae
798 2246 1075 2300 significatur
1111 2260 1190 2300 per
1222 2247 1452 2298 “Babel;’'
1491 2248 1765 2289 Belschazar

271 2311 390 2351 enim
416 2317 514 2352 erat
540 2325 622 2352 rex
648 2313 693 2352 in
721 2311 902 2358 Babele,
931 2316 977 2350 et
1005 2323 1083 2362 per
1111 2311 1334 2363 “regem''
1360 2312 1404 2351 in
1431 2311 1587 2352 Verbo
1614 2312 1760 2353 simile

274 2374 552 2427 significatur
577 2375 697 2428 quod
724 2388 801 2428 per
823 2375 966 2427 ipsam
989 2379 1175 2425 gentem
1202 2380 1278 2414 aut
1306 2388 1384 2427 per
1405 2375 1549 2428 ipsum
1572 2387 1763 2428 regnum

273 2438 343 2477 cui
374 2443 580 2491 praeest:
615 2437 868 2491 profanatio
900 2436 1006 2476 boni
1038 2442 1084 2476 et
1110 2437 1204 2477 veri
1234 2437 1455 2478 ecclesiae
1487 2437 1765 2490 significatur

272 2513 351 2553 per
375 2500 496 2554 quod
525 2501 725 2541 “biberit
752 2514 811 2541 ex
838 2499 956 2539 vasis
982 2499 1076 2539 auri
1101 2505 1147 2539 et
1173 2501 1354 2552 argenti
1386 2500 1566 2554 Templi
1599 2500 1764 2541 Hiero-

272 2563 548 2617 solymitani,
583 2570 630 2605 et
661 2563 793 2604 simul
831 2562 1082 2603 laudaverit
1119 2562 1229 2603 deos
1266 2564 1372 2612 auri,
1406 2564 1598 2616 argenti,
1633 2564 1762 2610 aeris,

274 2627 387 2676 ferri,
416 2627 525 2680 ligni
557 2633 603 2668 et
635 2626 827 2680 lapidis’'
853 2624 985 2678 (vers.
1012 2623 1092 2678 [3,]
1114 2637 1145 2676 4
1168 2625 1246 2680 ibi)
1267 2640 1276 2677 ;
1310 2640 1388 2680 per
1413 2631 1558 2667 “vasa
1583 2627 1765 2680 Templi

275 2689 680 2743 Hierosolymitani
706 2702 840 2730 aurea
867 2694 913 2729 et
939 2688 1189 2741 argentea”
1216 2689 1495 2742 significatur
1519 2690 1688 2731 bonum
1715 2696 1762 2731 et

272 2767 426 2794 verum
467 2753 580 2795 caeli
625 2759 671 2794 et
712 2751 945 2799 ecclesiae,
988 2764 1067 2804 per
1109 2752 1332 2793 “aurum”
1372 2753 1554 2802 bonum,
1597 2759 1643 2794 et
1684 2766 1764 2806 per

275 2820 553 2871 “argentum
566 2816 585 2831 '¹
617 2828 798 2865 verum;
840 2820 887 2854 et
918 2827 998 2867 per
1032 2813 1253 2856 “laudare
1284 2816 1395 2856 deos
1426 2817 1532 2864 auri,
1566 2816 1759 2868 argenti,

271 2880 399 2928 aeris,
418 2879 531 2928 ferri,
557 2879 667 2932 ligni
689 2884 735 2919 et
759 2876 958 2930 lapidis,”
981 2876 1258 2930 significatur
1280 2877 1427 2919 cultus
1450 2878 1761 2919 idololatricus

272 2944 419 2983 omnis
455 2943 648 2996 generis,
686 2942 749 2982 ita
786 2939 935 2981 cultus
976 2946 1193 2981 externus
1229 2941 1398 2995 absque
1431 2941 1523 2982 ullo
1564 2942 1758 2990 interno,
