2008 3360
879 324 1040 336 ..ω-,κα-

672 357 780 391 CAP.
803 358 884 399 vr„
907 359 1046 393 VERs.
1070 361 1218 394 2.—N.
1244 363 1267 406 3
1273 353 1403 409 57[c].
1702 356 1784 410 695

285 467 422 518 malo,
450 475 497 511 et
523 470 627 524 quia
657 471 702 512 id
735 472 903 514 malum
936 481 982 516 et
1014 475 1119 516 inde
1150 475 1196 516 id
1221 475 1383 517 falsum
1414 483 1484 519 est
1517 477 1786 519 damnatum

285 533 343 574 ad
365 532 601 583 infernum,
621 535 725 576 ideo
741 536 919 586 dicitur,
942 539 1042 579 “sic
1065 540 1150 580 erit
1174 539 1330 589 Babel,
1351 541 1466 581 sicut
1485 541 1661 581 eversio
1683 541 1784 590 Dei,-

285 595 487 638 Sodoma
517 603 564 638 et
598 597 855 641 Gomorrha
872 600 907 651 ;’'
945 603 1160 643 “eversio
1192 602 1309 644 Dei”
1335 603 1562 656 significat
1595 604 1786 645 damna-

284 660 459 701 tionem
481 660 539 701 ad
561 660 797 711 infernum,
817 676 869 704 ac
895 663 1135 705 “Sodoma
1153 671 1199 706 et
1218 665 1507 707 Gomorrha’'
1525 665 1785 719 significant

285 721 407 762 mala
424 735 484 762 eX
505 735 663 763 amore
681 723 749 763 sui
770 730 817 764 et
840 725 945 765 inde
962 725 1076 767 salsa
1093 737 1197 775 (quod
1211 737 1292 766 haee
1306 735 1385 775 per'
1390 734 1586 768 ‘Sodomam
1602 743 1634 767 et
1648 738 1789 768 Gomor-

283 785 403 868 rhamd'
413 786 643 824 significemur,
652 786 815 816 Videatur
808 797 840 816 in
850 789 988 818 Arcauis
1001 790 1194 825 Caelestibus,
1208 799 1239 820 n.
1251 789 1375 825 [¹1222o,
1386 792 1476 829 2246,
1487 792 1595 830 2322).
1643 778 1786 834 Apud

283 841 371 869 eun
408 841 497 878 em,

351 915 429 947 “In
454 917 511 948 die
535 917 597 948 illo
621 917 741 950 omnis
765 918 865 950 locus
890 919 925 950 in
950 930 1020 961 quo
1044 920 1189 952 fuerunt
1212 921 1310 953 mille
1327 921 1419 953 vites
1440 932 1504 962 pro
1522 921 1619 953 mille
1643 922 1787 962 argenti

458 961 526 992 erit
543 961 579 992 in
596 962 810 994 senticetum
835 969 871 994 et
888 970 1095 1004 vepretum.
1125 974 1206 996 cum
1231 965 1303 996 telo
1318 971 1356 997 et
1378 975 1458 997 curn
1482 975 1567 997 arcu
1584 966 1706 997 veniet
1727 975 1784 1004 eo.

457 1005 541 1046 quia
557 1006 770 1037 senticetum
788 1013 823 1038 et
841 1014 1025 1047 vepretum
1044 1014 1121 1040 tota
1137 1008 1248 1040 terra'
1252 1008 1348 1049 '(vii.
1364 1017 1416 1049 23,
1432 1009 1507 1050 24):

283 1094 478 1136 ecclesia
499 1102 685 1137 vastata
710 1097 859 1150 quoad
883 1110 1018 1138 omne
1039 1111 1194 1139 verum
1217 1105 1264 1140 et
1287 1098 1456 1140 bonum
1482 1100 1547 1140 ita
1569 1096 1786 1140 describi·

285 1164 382 1199 tur:
422 1158 617 1200 ecclesia
643 1159 789 1213 qualis
814 1160 957 1202 fuerat
991 1162 1125 1214 prius,
1153 1162 1275 1215 quod
1307 1175 1471 1216 nempe
1502 1162 1562 1203 ibi
1587 1163 1787 1216 genuina

282 1236 403 1271 vera,
430 1233 546 1276 quae
576 1230 682 1264 sunt
715 1237 821 1264 vera
852 1238 911 1264 ex
944 1224 1080 1273 bono,
1107 1224 1271 1266 suerint
1303 1225 1347 1265 in
1379 1225 1675 1274 abundantia,
1707 1231 1786 1280 p'er

281 1286 403 1340 quod
433 1286 546 1327 “ubi
577 1287 755 1327 fuerunt
789 1287 912 1328 mille
938 1288 1056 1328 vites
1088 1302 1169 1341 pro
1201 1287 1324 1329 mille
1355 1289 1536 1341 argenti
1554 1288 1588 1339 ;''
1622 1289 1785 1330 “mille

282 1350 400 1391 vites
412 1349 432 1364 ’‘
458 1356 564 1391 sunt
596 1364 703 1391 vera
734 1364 794 1391 ex
828 1351 948 1391 bono
980 1351 1024 1391 in
1056 1351 1352 1400 abundantia,
1379 1351 1541 1392 “mille
1571 1352 1785 1405 argenti’'

282 1419 388 1454 sunt
421 1414 794 1455 aestimatissima
832 1415 935 1467 quia
971 1421 1076 1455 sunt
1112 1415 1311 1467 genuina
1345 1413 1681 1468 (“argentum’'
1713 1422 1784 1456 est

282 1489 454 1525 verum,
482 1482 528 1517 et
554 1476 753 1517 '“mille''
780 1484 884 1517 sunt
918 1477 1076 1526 multa,
1105 1478 1169 1518 ita
1200 1478 1244 1518 in
1275 1477 1605 1532 abundantia):
1639 1478 1785 1531 qualis

284 1546 439 1580 autem
471 1538 590 1591 facta
622 1546 692 1580 est
719 1540 914 1580 ecclesia
940 1554 1041 1580 cum
1074 1547 1257 1581 vastata
1289 1541 1438 1594 quoad
1467 1554 1602 1582 omne
1627 1549 1784 1584 verum

281 1608 329 1644 et
362 1603 546 1651 bonum,
577 1603 848 1645 describitur
881 1617 959 1657 per
993 1603 1120 1653 haec,
1158 1609 1298 1644 “cum
1336 1603 1432 1646 telo
1465 1610 1513 1645 et
1547 1617 1649 1645 cum
1677 1618 1784 1645 arcu

239 1684 244 1685 ⁷
281 1667 434 1708 veniet
450 1681 520 1715 eo,
533 1668 636 1720 quia
651 1668 925 1708 senticetum
941 1674 986 1707 et
1002 1674 1239 1720 vepretum
1252 1673 1354 1708 tota
1368 1674 1488 1708 terra
1506 1667 1541 1718 ;”
1570 1671 1595 1687 “
1609 1667 1752 1708 telum
1764 1667 1784 1725 '.'

282 1736 352 1771 e-st
379 1729 540 1771 salsum
567 1731 807 1771 destruens
833 1744 1003 1778 verum,
1031 1738 1078 1771 et
1104 1730 1304 1771 “arcus”
1326 1737 1398 1772 est
1424 1729 1632 1772 do&rina
1655 1730 1782 1783 salsi3

286 1793 634 1834 “senticetum”
672 1793 899 1847 significat
937 1793 1097 1834 falsum
1134 1808 1193 1834 ex
1228 1793 1364 1843 malo,
1390 1801 1439 1835 et
1474 1794 1787 1848 “vepretum’‘

282 1855 452 1897 malum
479 1871 539 1897 ex
566 1857 694 1906 falso,
727 1862 887 1898 “terra
899 1857 918 1872 '’
944 1864 1015 1897 est
1041 1857 1248 1898 ecclesia.
1309 1856 1450 1912 Apud
1475 1857 1739 1907 Jeremiam,
1782 1885 1787 1894 ·

350 1947 374 1960 ‘⁴
386 1945 477 1977 Ecce
491 1946 644 1986 populus
658 1946 809 1978 veniens
826 1956 846 1978 e
864 1953 958 1978 terra
971 1946 1241 1987 septentrionis,
1258 1952 1295 1979 et
1309 1957 1401 1988 gens
1420 1957 1554 1988 magna
1570 1947 1785 1979 excitabitur

456 1999 479 2021 a
492 1990 663 2022 lateribus
681 1996 818 2028 terrae;
843 2000 962 2021 arcum
981 1997 1017 2021 et
1033 1991 1173 2022 hastam
1192 1991 1430 2031 prehendunt,
1447 1991 1600 2023 crudelis
1618 1991 1691 2030 illa,
1709 2001 1783 2024 non

457 2034 674 2065 miserantur
687 2044 694 2072 ;
712 2044 783 2065 vox
793 2044 918 2065 eorum
931 2034 1022 2065 sicut
1035 2044 1133 2066 mare
1147 2041 1304 2071 resonat.
1317 2041 1354 2066 et
1365 2045 1474 2075 super
1485 2036 1585 2076 equis
1598 2035 1761 2076 equitant
1776 2045 1784 2074 ;

456 2084 602 2118 paratus
620 2085 658 2109 ut
675 2078 729 2109 vir
744 2078 791 2109 ad
808 2078 953 2115 bellum,
974 2084 1100 2108 contra
1116 2083 1162 2115 te,
1182 2078 1255 2109 filia
1270 2078 1394 2110 Zionis
1406 2078 1425 2090 ”
1442 2079 1502 2119 (vi.
1519 2087 1573 2116 22,
1588 2079 1643 2118 23)
1657 2090 1664 2111 ε

280 2163 551 2205 describitur
575 2165 716 2205 etiam
747 2163 819 2205 hic
853 2165 1114 2205 devastatio
1145 2164 1367 2206 ecclesiae
1399 2179 1478 2218 per
1502 2164 1616 2205 salsa
1648 2165 1785 2218 malig-

282 2227 388 2281 quid
421 2226 648 2280 'significat
683 2228 916 2282 “populus
947 2242 972 2268 e
1004 2235 1125 2269 terra
1156 2228 1521 2281 septentrioniS,‘’
1548 2234 1595 2269 et
1631 2232 1782 2281 “gens

280 2304 449 2344 magna
475 2306 501 2332 a
529 2291 746 2332 lateribus
777 2291 964 2339 terrae,'’
991 2298 1088 2332 tum
1113 2292 1220 2345 quid
1246 2291 1472 2344 significat
1499 2291 1620 2345 quod
1651 2286 1782 2332 “vox

280 2368 434 2395 eorum
458 2355 574 2395 sicut
598 2368 722 2396 mare
745 2354 971 2403 resonet,'‘
989 2361 1036 2395 et
1059 2355 1180 2408 quod
1206 2358 1378 2408 “super
1399 2355 1524 2408 equis
1541 2355 1750 2414 equitent
1763 2355 1783 2370 ’⁹

279 2417 562 2471 explicatum
588 2426 658 2459 est
682 2419 726 2459 in
746 2431 854 2459 mox
876 2418 1180 2471 praecedente
1202 2417 1421 2467 articulo;
1447 2418 1569 2470 quod
1591 2422 1782 2458 “arcum

279 2487 326 2522 et
342 2480 523 2521 hastam
548 2481 856 2534 prehendant‘'
874 2480 1099 2533 significat
1120 2478 1294 2534 [¹²¹quod
1313 2486 1518 2533 pugnent
1535 2494 1595 2520 ex
1613 2478 1782 2520 doctri-

280 2543 371 2584 nali
402 2544 545 2595 salso;
582 2550 749 2585 “arcus
762 2544 782 2559 ''
814 2543 1060 2597 significat]
1089 2544 1250 2584 salsum
1282 2542 1515 2584 doetrinae
1541 2544 1781 2585 destruens

279 2621 449 2656 verum,
483 2615 530 2649 et
567 2608 771 2648 “hasta”
805 2607 965 2647 falsum
1004 2607 1111 2648 mali
1147 2608 1387 2648 destruens
1424 2607 1607 2655 bonum,
1653 2606 1782 2648 “filia

279 2671 464 2712 Zionis”
489 2678 561 2712 est
588 2671 795 2712 ecclesia.
859 2669 998 2724 Apud
1020 2670 1229 2719 eundem,

348 2762 540 2794 “Vastitas
564 2768 640 2794 tota
664 2768 759 2793 terra
762 2786 854 2799 .....
863 2770 948 2801 prae
968 2770 1056 2791 voce
1082 2761 1211 2802 equitis
1235 2767 1270 2792 et
1298 2761 1565 2801 sagittariorum
1591 2760 1683 2801 fugit
1707 2765 1784 2791 tota·

454 2807 562 2843 urbs:
591 2807 770 2837 intrarunt
795 2806 920 2842 nubes,
942 2805 978 2835 in
1004 2810 1125 2844 petras
1149 2805 1402 2842 ascenderunt,
1423 2811 1499 2836 tota
1522 2805 1605 2835 urbs
1624 2804 1781 2841 deserta,·

454 2860 519 2882 nec
536 2850 702 2881 habitans
720 2849 755 2880 in
773 2848 845 2879 ea”
862 2848 923 2887 (iv.
939 2855 991 2886 27,
1007 2847 1082 2888 29):

279 2937 418 2979 etiam
432 2937 517 2978 hoc
533 2936 814 2990 explicatum
827 2935 1035 2975 videatur
1052 2935 1094 2975 in
1107 2948 1217 2975 mox
1233 2935 1536 2988 praecedente
1555 2933 1748 2974 articulo
1768 2947 1778 2984 ;

281 3003 308 3021 “
322 3013 414 3041 vox
446 3001 608 3054 equitis
649 3005 695 3040 et
732 2999 1072 3051 sagittariorum
1088 2997 1108 3013 ”
1139 2997 1365 3051 significat
1402 2997 1782 3058 ratiocinationes
