2008 3360
631 347 737 379 CAP.
761 348 862 388 vn„
885 347 1023 380 VERS.
1053 346 1224 379 11.—-N.
1245 339 1342 389 462.
1629 348 1734 392 ¹173

235 458 358 501 solus
398 454 562 514 'Agnus
603 474 736 514 super
775 461 956 510 throno,
989 466 1038 503 ut
1073 460 1211 514 Apoc.
1239 473 1335 514 cap.
1361 474 1402 501 v.
1427 459 1468 508 6,
1499 459 1657 501 “Ecce
1689 460 1734 500 in

178 522 179 527 ’
236 523 386 565 medio
415 523 567 565 throni
599 523 765 577 Agnus
796 531 924 566 stans
941 524 975 575 ;”
1010 523 1096 578 [et]
1121 537 1217 577 cap.
1239 524 1310 564 vii.
1339 533 1401 576 17,
1427 523 1629 577 “Agnus
1661 523 1733 576 qui

233 586 277 626 in
300 586 449 628 medio
467 586 619 628 throni
643 593 799 640 pascet
821 601 900 629 eos
916 587 951 629 :''
972 594 1019 629 et
1045 601 1222 641 quoque
1236 593 1435 628 vocatur
1462 587 1584 627 solus
1611 585 1734 627 Deus

233 650 278 690 in
309 649 396 690 hoc
428 650 590 702 capite,
617 664 731 691 vers.
763 662 826 700 11,
858 661 921 700 12,
955 650 1268 692 “Ceciderunt
1300 656 1407 691 ante
1434 649 1705 691 thronum..
1724 682 1733 690 .

233 718 280 754 et
311 712 557 754 adorarunt
591 713 751 763 Deum,
779 714 999 763 dicentes,
1019 746 1028 754 .
1048 746 1056 754 .
1077 746 1085 754 .
1106 713 1262 754 Robur
1288 713 1388 754 Deo
1413 719 1572 754 nostro
1588 713 1622 763 ;”
1647 713 1733 755 hoc

232 775 437 816 similiter
458 776 805 830 intelligendum
828 784 898 818 est
920 783 969 818 ut
992 777 1112 831 quod
1141 776 1362 818 Dominus
1383 776 1506 817 dicat
1531 780 1555 796 “
1570 776 1704 818 Pater
1714 776 1734 792 ”

232 845 278 880 et
311 839 528 888 “Filius,‘’
561 841 676 881 sicut
714 846 868 882 essent
899 840 1003 889 duo,
1037 853 1138 881 curn
1179 846 1334 891 tamen
1371 853 1450 893 per
1483 840 1734 881 “Patrem'’

232 902 462 946 intellexit
512 903 724 945 Divinum
771 904 815 944 in
865 903 937 953 Se,
980 906 1046 945 et'
1071 901 1152 957 per
1194 903 1397 944 “Filium
1409 902 1429 919 ’⁹
1471 902 1733 944 Humanum

232 979 359 1011 suum
386 980 446 1006 ex
473 966 551 1007 illo
578 966 762 1022 Divino²
788 966 907 1021 quod
940 967 1078 1008 etiam
1105 966 1341 1008 manifeste
1363 966 1515 1014 docet,
1538 966 1734 1007 dicendo

231 1029 351 1083 quod
384 1029 516 1070 Pater
544 1030 602 1070 sit
634 1030 677 1070 in
712 1030 817 1083 Ipso
848 1037 895 1071 et
928 1029 1030 1083 Ipse
1063 1030 1106 1070 in
1139 1030 1288 1079 Patre,
1319 1035 1366 1072 et
1398 1030 1519 1084 quod
1551 1029 1654 1083 Ipse
1686 1036 1734 1071 et

233 1092 366 1133 Pater
386 1105 521 1133 unum
545 1093 661 1152 sint;
693 1093 836 1134 simile
859 1099 929 1134 est.
952 1106 1053 1136 cum
1077 1096 1102 1114 ‘⁶
1117 1092 1317 1135 Sedente
1344 1106 1476 1146 super
1497 1093 1664 1134 throno
1686 1099 1733 1135 et

233 1153 313 1206 Ag
317 1153 416 1194 n0.”
474 1164 588 1203 (Quod
607 1165 702 1194 etiam
723 1174 781 1203 per
795 1162 813 1173 ‘¹
824 1165 956 1203 Agnum
969 1165 986 1175 '¹
1002 1165 1197 1203 intelligatur
1211 1165 1365 1195 Divinum
1382 1166 1574 1195 Humanum
1590 1166 1733 1200 Domini,

233 1222 266 1247 et
280 1217 314 1246 in
328 1225 425 1247 sensu
438 1217 619 1256 respedtivo
632 1219 756 1248 bonum
772 1219 984 1254 innocentiae,
996 1218 1142 1249 videatur
1155 1228 1262 1257 supra,
1277 1228 1309 1250 n.
1327 1219 1350 1261 3
1359 1218 1434 1261 14.)

843 1396 982 1422 vznsns
1001 1397 1051 1427 11,
1069 1397 1120 1423 12.

351 1457 443 1499 ⁶1·
481 1472 500 1485 ‘⁴
509 1471 546 1498 ft
559 1478 660 1498 omnes
675 1471 772 1504 «naeu
789 1471 910 1498 stabant
922 1472 1031 1498 circum
1046 1472 1190 1503 thronum.
1206 1473 1238 1498 et
1251 1472 1385 1499 sartores
1399 1473 1432 1499 et
1444 1473 1569 1505 quatuor
1582 1471 1731 1512 αηΙνηαΙιζα,

230 1512 262 1537 et
275 1511 445 1537 cecnderunt
459 1518 555 1538 coram
569 1512 672 1538 throno
684 1518 773 1544 super
782 1511 881 1544 factes
894 1519 974 1542 suas.
988 1513 1019 1539 et
1033 1512 1229 1540 adoraverunt
1242 1512 1337 1539 Deum.
1374 1512 1519 1543 Diventes.
1534 1512 1632 1544 Amen,
1647 1513 1734 1539 bene-

230 1548 318 1576 dletlo
336 1550 367 1576 et
382 1550 476 1582 alorla
491 1551 522 1576 et
536 1550 695 1582 sapientia,
712 1551 743 1576 et
760 1550 921 1582 mattarum
939 1550 1025 1581 ασϋο,
1042 1551 1073 1576 et
1090 1550 1188 1581 honor,
1205 1552 1237 1577 et
1249 1550 1392 1582 mentm,
1407 1552 1439 1577 et
1456 1551 1544 1577 robur
1558 1550 1614 1578 Deo
1632 1552 1734 1578 nostro

229 1587 260 1614 ln
274 1589 393 1614 saecula
407 1589 590 1615 saeculorum
598 1596 610 1620 ,·
628 1588 745 1614 amen.’'

255 1668 306 1693 11.
340 1660 402 1694 “Et
417 1671 536 1695 omnes
552 1661 670 1705 angeli
679 1661 821 1695 stabant
835 1661 964 1695 circum
979 1661 1148 1700 thronum.
1163 1664 1201 1695 et
1213 1661 1372 1696 santae-es
1386 1665 1425 1696 et
1439 1665 1588 1706 quatuor
1598 1662 1732 1696 anima-

407 1705 482 1743 ΙῘα.”
496 1705 660 1747 significat
674 1707 940 1749 conjunctionem
954 1707 1102 1740 Domini
1116 1718 1190 1738 cum
1208 1707 1368 1739 universo
1379 1709 1466 1739 caelo
1481 1708 1532 1751 [n.
1546 1707 1630 1750 462]
1641 1719 1651 1747 ;
1678 1711 1736 1741 “et

407 1750 610 1784 ceciderunt
631 1760 747 1783 comm
773 1751 892 1784 throno
912 1761 1019 1793 supet·
1037 1750 1146 1784 facies
1169 1761 1266 1789 suas,
1283 1753 1322 1785 et
1341 1751 1578 1785 adoraverunt
1599 1751 1733 1791 Deum,¹'

406 1794 572 1836 significat
590 1796 790 1838 gratiarum
814 1796 978 1827 altionem
1001 1807 1043 1827 ex
1065 1796 1193 1827 humili
1213 1797 1318 1834 corde,
1341 1797 1433 1839 quod
1451 1801 1499 1829 tot
1517 1798 1646 1828 salvati
1665 1798 1736 1829 sint

410 1839 462 1883 [¹1·
479 1839 578 1882 463]-

255 1910 306 1935 12.
339 1901 530 1940 ’Νι-οπως,
546 1902 678 1940 Amen?
691 1903 856 1945 significat
874 1903 1064 1935 Dominum
1080 1905 1194 1946 quoad
1205 1904 1381 1936 Divinum
1404 1905 1526 1937 Verum
1542 1916 1585 1937 ex
1599 1906 1734 1938 Divino

407 1947 505 1979 Bono
524 1948 576 1990 [n.
594 1947 700 1990 464];
727 1947 946 1984 “benedic-tio,
961 1947 1074 1991 gloria
1091 1951 1127 1981 et
1141 1947 1339 1991 sapientia?
1352 1949 1518 1991 significat
1533 1951 1614 1981 haec
1628 1961 1649 1981 a
1666 1950 1730 1982 Di-

406 1992 489 2023 vino
515 1993 594 2023 Vero
610 1994 700 2034 quod
712 1993 863 2034 procedit
877 2003 898 2022 a
917 1993 1064 2023 Domino
1085 1992 1137 2035 [n.
1153 1992 1260 2036 465];
1287 1997 1345 2027 “et
1362 1994 1558 2037 gratiarum
1581 1994 1673 2027 actio
1698 1997 1735 2028 et

407 2036 542 2074 honor,’'
554 2036 718 2078 significat
731 2037 811 2068 haec
823 2048 844 2067 a
857 2037 993 2068 Divino
1005 2037 1101 2068 Bono
1111 2038 1201 2079 quod
1201 2039 1353 2080 procedit
1362 2049 1383 2069 a
1396 2039 1546 2070 Domino
1562 2039 1614 2082 [n.
1625 2038 1730 2082 466];

408 2083 466 2114 “ei
484 2081 639 2123 potentia
664 2084 700 2114 et
722 2081 854 2118 ''abun''
870 2080 1032 2122 significat
1048 2082 1318 2123 omnipotentiam
1342 2094 1384 2114 ex
1406 2083 1540 2117 Divino
1555 2084 1652 2115 Bono
1667 2089 1734 2127 per

407 2126 585 2157 Divinum
614 2126 734 2157 Verum
764 2126 814 2168 [n.
841 2125 946 2167 467];
983 2130 999 2142 ⁴·
1010 2125 1079 2158 Deo
1106 2129 1225 2159 nostro
1251 2126 1286 2160 Ῐη
1312 2128 1455 2160 saecula
1482 2128 1732 2166 saeculorum?

408 2169 571 2212 significat
594 2171 784 2202 Dominum
809 2171 846 2201 in
870 2175 1044 2201 aeternum
1072 2170 1123 2213 [n.
1137 2170 1244 2214 468];
1270 2172 1418 2209 ‘'amem''
1433 2171 1596 2214 significat
1614 2173 1732 2216 confir·

409 2216 589 2246 mationem
605 2227 627 2246 a
643 2215 776 2247 Divino
796 2214 846 2257 [n.
863 2213 963 2256 469].

308 2304 442 2359 462.
473 2314 580 2352 [Vers.
599 2314 662 2353 11.]
694 2303 772 2343 “ft
793 2315 932 2343 omnes
952 2302 1093 2356 angeli
1110 2303 1278 2344 stabant
1294 2303 1450 2345 cie-cum
1469 2305 1670 2353 thronum,
1690 2309 1735 2347 et

230 2363 419 2404 senior-es
439 2367 484 2404 et
501 2367 678 2417 quatuor·
692 2362 1119 2415 animalia.''—Quod
1142 2363 1367 2416 significet
1387 2365 1731 2419 conjunctionem

230 2424 415 2466 Domini
431 2439 526 2466 cum
551 2425 757 2466 universo
776 2424 904 2473 caelo,
928 2430 1111 2465 constat
1134 2438 1192 2465 ex
1216 2425 1546 2479 significatione
1571 2431 1730 2469 “stare

230 2489 395 2529 circum
410 2488 664 2537 thronum,‘'
679 2488 799 2541 quod
818 2488 875 2528 sit
891 2485 1148 2540 conjunfflo
1163 2501 1263 2529 cum
1281 2488 1479 2531 Domino
1496 2504 1505 2540 ;
1532 2504 1636 2531 nam
1652 2503 1731 2543 per

232 2556 257 2571 ‘⁴
271 2550 518 2593 Sedentem
533 2565 667 2605 super
679 2551 845 2592 throno
861 2555 909 2591 et
925 2549 1111 2603 Agnum
1125 2550 1145 2566 ‘'
1157 2551 1424 2606 intelligitur
1434 2553 1555 2594 solus
1570 2553 1728 2594 Domi-

230 2624 313 2652 nus
335 2620 385 2660 (ut
397 2631 472 2651 mox
485 2631 591 2660 supra,
605 2631 636 2652 n.
648 2610 745 2662 460,
759 2620 883 2650 dietum
895 2620 971 2659 est),
987 2616 1035 2651 et
1053 2623 1133 2663 per
1152 2615 1178 2631 “
1191 2617 1315 2652 stare
1328 2611 1506 2654 ‘circum
1518 2611 1538 2627 ’‘
1556 2612 1728 2665 signifi-

230 2679 358 2714 catur
395 2671 652 2726 conjunffio
669 2687 677 2722 ;
720 2672 763 2712 in
797 2671 967 2713 mundo
1000 2673 1119 2713 enim
1152 2673 1371 2726 spirituali
1407 2681 1628 2727 apparent
1664 2674 1729 2715 illi

229 2742 493 2789 praesentes
515 2749 616 2779 cum
639 2735 798 2789 quibus
820 2732 1077 2787 conjunGtio
1098 2741 1182 2783 est,
1205 2742 1251 2777 et
1274 2736 1486 2778 absentes
1508 2749 1609 2777 cum
1631 2738 1726 2790 qui-

229 2799 310 2839 bus
333 2812 422 2840 non
446 2796 726 2852 conjunGtio:
760 2804 808 2839 et
830 2811 889 2838 ex
908 2797 1235 2851 significatione
1255 2798 1599 2852 “angelorum‚''
1618 2803 1726 2839 “se-

230 2861 435 2903 niorum”
466 2868 513 2903 et
547 2866 778 2915 “quatuor
808 2860 1104 2909 animalium,'’
1130 2861 1250 2915 quod
1280 2863 1371 2903 sint
1402 2862 1476 2916 qui
1508 2862 1552 2902 in
1584 2861 1727 2902 tribus

229 2923 379 2974 caelis,
395 2925 460 2966 ita
475 2925 548 2979 qui
567 2926 610 2965 in
628 2925 835 2965 universo
852 2923 1006 2974 cae103
1038 2937 1118 2977 per
1135 2928 1160 2945 “
1172 2925 1362 2978 angelos
1374 2925 1394 2941 ’'
1411 2924 1728 2978 intelliguntur

229 2986 292 3028 illi
313 2981 388 3042 qui
409 2988 454 3029 in
476 2988 620 3042 primo
642 3001 721 3028 seu
743 2986 903 3028 ultimo
924 2986 1053 3028 caelo
1074 2993 1193 3037 sunt,
1212 3001 1291 3042 per
1306 2988 1542 3029 “seniores
1553 2986 1572 3003 ”
1586 2988 1658 3042 qui
1679 2988 1723 3028 in
