<?xml version="1.0" encoding="UTF-8"?>
<!DOCTYPE html PUBLIC "-//W3C//DTD XHTML 1.0 Transitional//EN"
    "http://www.w3.org/TR/xhtml1/DTD/xhtml1-transitional.dtd">
<html xmlns="http://www.w3.org/1999/xhtml" xml:lang="en" lang="en">
 <head>
  <title>
</title>
<meta http-equiv="Content-Type" content="text/html;charset=utf-8" />
  <meta name='ocr-system' content='tesseract 3.04.00' />
  <meta name='ocr-capabilities' content='ocr_page ocr_carea ocr_par ocr_line ocrx_word'/>
</head>
<body>
  <div class='ocr_page' id='page_1' title='image "apocalypsisexpli02sweduoft_0097.png"; bbox 0 0 2008 3360; ppageno 0'>
   <div class='ocr_carea' id='block_1_1' title="bbox 645 283 1763 339">
    <p class='ocr_par' dir='ltr' id='par_1_1' title="bbox 645 283 1763 339">
     <span class='ocr_line' id='line_1_1' title="bbox 645 283 1763 339; baseline -0.001 -13"><span class='ocrx_word' id='word_1_1' title='bbox 645 294 751 326; x_wconf 87' lang='lat' dir='ltr'><strong>CAP.</strong></span> <span class='ocrx_word' id='word_1_2' title='bbox 774 294 856 335; x_wconf 65' lang='lat' dir='ltr'>vr,</span> <span class='ocrx_word' id='word_1_3' title='bbox 880 293 1018 327; x_wconf 84' lang='lat' dir='ltr'>VERS.</span> <span class='ocrx_word' id='word_1_4' title='bbox 1040 283 1188 326; x_wconf 83' lang='lat' dir='ltr'><strong>6.—N.</strong></span> <span class='ocrx_word' id='word_1_5' title='bbox 1214 283 1372 339; x_wconf 80' lang='lat' dir='ltr'>375[c].</span> <span class='ocrx_word' id='word_1_6' title='bbox 1679 295 1763 338; x_wconf 91' lang='lat'>749</span> 
     </span>
    </p>
   </div>
   <div class='ocr_carea' id='block_1_2' title="bbox 262 397 1762 1028">
    <p class='ocr_par' dir='ltr' id='par_1_2' title="bbox 262 397 1762 1028">
     <span class='ocr_line' id='line_1_2' title="bbox 265 397 1762 461; baseline 0 -13"><span class='ocrx_word' id='word_1_7' title='bbox 265 413 401 461; x_wconf 83' lang='lat' dir='ltr'>gatur</span> <span class='ocrx_word' id='word_1_8' title='bbox 431 406 476 448; x_wconf 93' lang='lat' dir='ltr'>in</span> <span class='ocrx_word' id='word_1_9' title='bbox 513 397 722 460; x_wconf 78' lang='lat' dir='ltr'>supremo</span> <span class='ocrx_word' id='word_1_10' title='bbox 754 421 889 448; x_wconf 90' lang='lat' dir='ltr'>sensu</span> <span class='ocrx_word' id='word_1_11' title='bbox 924 407 1146 449; x_wconf 85' lang='lat' dir='ltr'>Dominus</span> <span class='ocrx_word' id='word_1_12' title='bbox 1177 412 1225 448; x_wconf 84' lang='lat' dir='ltr'>et</span> <span class='ocrx_word' id='word_1_13' title='bbox 1260 419 1451 460; x_wconf 82' lang='lat' dir='ltr'>regnum</span> <span class='ocrx_word' id='word_1_14' title='bbox 1489 406 1649 460; x_wconf 80' lang='lat' dir='ltr'>Ipsius,</span> <span class='ocrx_word' id='word_1_15' title='bbox 1682 421 1762 460; x_wconf 85' lang='lat' dir='ltr'>per</span> 
     </span>
     <span class='ocr_line' id='line_1_3' title="bbox 268 469 1760 525; baseline 0 -13"><span class='ocrx_word' id='word_1_16' title='bbox 268 469 520 524; x_wconf 89' lang='lat' dir='ltr'>“patrem”</span> <span class='ocrx_word' id='word_1_17' title='bbox 553 469 789 519; x_wconf 85' lang='lat' dir='ltr'>Dominus,</span> <span class='ocrx_word' id='word_1_18' title='bbox 823 477 870 512; x_wconf 91' lang='lat' dir='ltr'>et</span> <span class='ocrx_word' id='word_1_19' title='bbox 902 485 981 525; x_wconf 91' lang='lat' dir='ltr'>per</span> <span class='ocrx_word' id='word_1_20' title='bbox 1008 469 1277 512; x_wconf 84' lang='lat' dir='ltr'>“matrem&#39;‘</span> <span class='ocrx_word' id='word_1_21' title='bbox 1301 483 1491 523; x_wconf 87' lang='lat' dir='ltr'>regnum</span> <span class='ocrx_word' id='word_1_22' title='bbox 1525 470 1685 524; x_wconf 83' lang='lat' dir='ltr'>Ipsius,</span> <span class='ocrx_word' id='word_1_23' title='bbox 1715 477 1760 512; x_wconf 87' lang='lat' dir='ltr'>et</span> 
     </span>
     <span class='ocr_line' id='line_1_4' title="bbox 265 532 1762 587; baseline 0 -13"><span class='ocrx_word' id='word_1_24' title='bbox 265 533 386 587; x_wconf 91' lang='lat' dir='ltr'>quod</span> <span class='ocrx_word' id='word_1_25' title='bbox 411 547 490 587; x_wconf 89' lang='lat' dir='ltr'>per</span> <span class='ocrx_word' id='word_1_26' title='bbox 514 532 817 587; x_wconf 86' lang='lat' dir='ltr'>“prolongari</span> <span class='ocrx_word' id='word_1_27' title='bbox 839 533 965 575; x_wconf 88' lang='lat' dir='ltr'>dies”</span> <span class='ocrx_word' id='word_1_28' title='bbox 988 548 1066 575; x_wconf 91' lang='lat' dir='ltr'>seu</span> <span class='ocrx_word' id='word_1_29' title='bbox 1092 533 1341 586; x_wconf 87' lang='lat' dir='ltr'>longaevus</span> <span class='ocrx_word' id='word_1_30' title='bbox 1363 532 1456 573; x_wconf 90' lang='lat' dir='ltr'>fieri</span> <span class='ocrx_word' id='word_1_31' title='bbox 1483 532 1762 586; x_wconf 86' lang='lat' dir='ltr'>significetur</span> 
     </span>
     <span class='ocr_line' id='line_1_5' title="bbox 264 595 1760 639; baseline 0.001 -2"><span class='ocrx_word' id='word_1_32' title='bbox 264 595 373 638; x_wconf 83' lang='lat' dir='ltr'>felix</span> <span class='ocrx_word' id='word_1_33' title='bbox 410 596 455 637; x_wconf 93' lang='lat' dir='ltr'>in</span> <span class='ocrx_word' id='word_1_34' title='bbox 492 602 740 637; x_wconf 87' lang='lat' dir='ltr'>aeternum.</span> <span class='ocrx_word' id='word_1_35' title='bbox 818 595 1034 638; x_wconf 83' lang='lat' dir='ltr'>Similiter</span> <span class='ocrx_word' id='word_1_36' title='bbox 1065 597 1109 637; x_wconf 91' lang='lat' dir='ltr'>in</span> <span class='ocrx_word' id='word_1_37' title='bbox 1136 595 1260 637; x_wconf 89' lang='lat' dir='ltr'>mille</span> <span class='ocrx_word' id='word_1_38' title='bbox 1295 595 1405 636; x_wconf 88' lang='lat' dir='ltr'>aliis.</span> <span class='ocrx_word' id='word_1_39' title='bbox 1477 595 1605 637; x_wconf 89' lang='lat' dir='ltr'>Haec</span> <span class='ocrx_word' id='word_1_40' title='bbox 1641 595 1760 639; x_wconf 60' lang='lat' dir='ltr'>dicta</span> 
     </span>
     <span class='ocr_line' id='line_1_6' title="bbox 264 659 1760 715; baseline 0 -15"><span class='ocrx_word' id='word_1_41' title='bbox 264 665 370 700; x_wconf 90' lang='lat' dir='ltr'>sunt</span> <span class='ocrx_word' id='word_1_42' title='bbox 396 665 445 700; x_wconf 90' lang='lat' dir='ltr'>ut</span> <span class='ocrx_word' id='word_1_43' title='bbox 471 659 639 700; x_wconf 80' lang='lat' dir='ltr'>sciatur</span> <span class='ocrx_word' id='word_1_44' title='bbox 663 659 768 713; x_wconf 90' lang='lat' dir='ltr'>quid</span> <span class='ocrx_word' id='word_1_45' title='bbox 790 659 1061 714; x_wconf 87' lang='lat' dir='ltr'>intelligitur</span> <span class='ocrx_word' id='word_1_46' title='bbox 1086 673 1165 715; x_wconf 93' lang='lat' dir='ltr'>per</span> <span class='ocrx_word' id='word_1_47' title='bbox 1189 659 1310 700; x_wconf 85' lang='lat' dir='ltr'>bona</span> <span class='ocrx_word' id='word_1_48' title='bbox 1335 665 1381 699; x_wconf 89' lang='lat' dir='ltr'>et</span> <span class='ocrx_word' id='word_1_49' title='bbox 1404 673 1509 699; x_wconf 91' lang='lat' dir='ltr'>vera</span> <span class='ocrx_word' id='word_1_50' title='bbox 1531 660 1760 700; x_wconf 80' lang='lat' dir='ltr'>exteriora</span> 
     </span>
     <span class='ocr_line' id='line_1_7' title="bbox 264 722 1759 777; baseline 0 -13"><span class='ocrx_word' id='word_1_51' title='bbox 264 728 310 764; x_wconf 84' lang='lat' dir='ltr'>et</span> <span class='ocrx_word' id='word_1_52' title='bbox 337 736 415 776; x_wconf 87' lang='lat' dir='ltr'>per</span> <span class='ocrx_word' id='word_1_53' title='bbox 440 722 560 763; x_wconf 92' lang='lat' dir='ltr'>bona</span> <span class='ocrx_word' id='word_1_54' title='bbox 586 728 633 763; x_wconf 90' lang='lat' dir='ltr'>et</span> <span class='ocrx_word' id='word_1_55' title='bbox 659 737 765 763; x_wconf 88' lang='lat' dir='ltr'>vera</span> <span class='ocrx_word' id='word_1_56' title='bbox 791 723 1005 764; x_wconf 87' lang='lat' dir='ltr'>interiora</span> <span class='ocrx_word' id='word_1_57' title='bbox 1032 722 1188 771; x_wconf 89' lang='lat' dir='ltr'>Verbi,</span> <span class='ocrx_word' id='word_1_58' title='bbox 1215 723 1317 776; x_wconf 89' lang='lat' dir='ltr'>quia</span> <span class='ocrx_word' id='word_1_59' title='bbox 1343 736 1422 777; x_wconf 90' lang='lat' dir='ltr'>per</span> <span class='ocrx_word' id='word_1_60' title='bbox 1447 723 1686 764; x_wconf 90' lang='lat' dir='ltr'>“triticum</span> <span class='ocrx_word' id='word_1_61' title='bbox 1714 730 1759 764; x_wconf 92' lang='lat' dir='ltr'>et</span> 
     </span>
     <span class='ocr_line' id='line_1_8' title="bbox 263 784 1757 839; baseline 0.001 -13"><span class='ocrx_word' id='word_1_62' title='bbox 263 784 483 827; x_wconf 89' lang='lat' dir='ltr'>hordeum</span> <span class='ocrx_word' id='word_1_63' title='bbox 496 785 516 800; x_wconf 93' lang='lat'>’&#39;</span> <span class='ocrx_word' id='word_1_64' title='bbox 547 784 859 839; x_wconf 85' lang='lat' dir='ltr'>significantur</span> <span class='ocrx_word' id='word_1_65' title='bbox 891 786 1012 826; x_wconf 89' lang='lat' dir='ltr'>bona</span> <span class='ocrx_word' id='word_1_66' title='bbox 1048 792 1095 826; x_wconf 91' lang='lat' dir='ltr'>et</span> <span class='ocrx_word' id='word_1_67' title='bbox 1131 787 1239 826; x_wconf 80' lang='lat' dir='ltr'>vera</span> <span class='ocrx_word' id='word_1_68' title='bbox 1274 786 1515 834; x_wconf 86' lang='lat' dir='ltr'>exteriora,</span> <span class='ocrx_word' id='word_1_69' title='bbox 1549 785 1635 827; x_wconf 91' lang='lat' dir='ltr'>hoc</span> <span class='ocrx_word' id='word_1_70' title='bbox 1674 793 1757 832; x_wconf 85' lang='lat' dir='ltr'>est,</span> 
     </span>
     <span class='ocr_line' id='line_1_9' title="bbox 264 848 1760 902; baseline 0 -12"><span class='ocrx_word' id='word_1_71' title='bbox 264 863 378 902; x_wconf 88' lang='lat' dir='ltr'>quae</span> <span class='ocrx_word' id='word_1_72' title='bbox 404 855 509 890; x_wconf 83' lang='lat' dir='ltr'>sunt</span> <span class='ocrx_word' id='word_1_73' title='bbox 536 863 694 890; x_wconf 87' lang='lat' dir='ltr'>sensus</span> <span class='ocrx_word' id='word_1_74' title='bbox 721 848 904 890; x_wconf 80' lang='lat' dir='ltr'>litterae</span> <span class='ocrx_word' id='word_1_75' title='bbox 927 849 1083 899; x_wconf 83' lang='lat' dir='ltr'>Verbi,</span> <span class='ocrx_word' id='word_1_76' title='bbox 1111 854 1159 890; x_wconf 88' lang='lat' dir='ltr'>at</span> <span class='ocrx_word' id='word_1_77' title='bbox 1186 862 1265 902; x_wconf 89' lang='lat' dir='ltr'>per</span> <span class='ocrx_word' id='word_1_78' title='bbox 1289 848 1476 889; x_wconf 88' lang='lat' dir='ltr'>“oleum</span> <span class='ocrx_word' id='word_1_79' title='bbox 1504 855 1550 889; x_wconf 93' lang='lat' dir='ltr'>et</span> <span class='ocrx_word' id='word_1_80' title='bbox 1573 849 1726 890; x_wconf 88' lang='lat' dir='ltr'>vinum</span> <span class='ocrx_word' id='word_1_81' title='bbox 1741 850 1760 864; x_wconf 88' lang='lat'>’&#39;</span> 
     </span>
     <span class='ocr_line' id='line_1_10' title="bbox 262 911 1759 965; baseline 0.001 -13"><span class='ocrx_word' id='word_1_82' title='bbox 262 911 573 965; x_wconf 87' lang='lat' dir='ltr'>significantur</span> <span class='ocrx_word' id='word_1_83' title='bbox 609 912 730 952; x_wconf 90' lang='lat' dir='ltr'>bona</span> <span class='ocrx_word' id='word_1_84' title='bbox 767 918 813 953; x_wconf 91' lang='lat' dir='ltr'>et</span> <span class='ocrx_word' id='word_1_85' title='bbox 846 926 952 952; x_wconf 86' lang='lat' dir='ltr'>vera</span> <span class='ocrx_word' id='word_1_86' title='bbox 989 913 1217 961; x_wconf 89' lang='lat' dir='ltr'>interiora,</span> <span class='ocrx_word' id='word_1_87' title='bbox 1251 911 1338 952; x_wconf 89' lang='lat' dir='ltr'>hoc</span> <span class='ocrx_word' id='word_1_88' title='bbox 1377 917 1463 960; x_wconf 87' lang='lat' dir='ltr'>est,</span> <span class='ocrx_word' id='word_1_89' title='bbox 1502 925 1617 965; x_wconf 88' lang='lat' dir='ltr'>quae</span> <span class='ocrx_word' id='word_1_90' title='bbox 1654 919 1759 954; x_wconf 88' lang='lat' dir='ltr'>sunt</span> 
     </span>
     <span class='ocr_line' id='line_1_11' title="bbox 263 974 869 1028; baseline 0.002 -14"><span class='ocrx_word' id='word_1_91' title='bbox 263 988 421 1015; x_wconf 88' lang='lat' dir='ltr'>sensus</span> <span class='ocrx_word' id='word_1_92' title='bbox 447 974 689 1028; x_wconf 90' lang='lat' dir='ltr'>spiritualis</span> <span class='ocrx_word' id='word_1_93' title='bbox 716 974 869 1016; x_wconf 88' lang='lat' dir='ltr'>Verbi.</span> 
     </span>
    </p>
   </div>
   <div class='ocr_carea' id='block_1_3' title="bbox 215 1044 1801 2980">
    <p class='ocr_par' dir='ltr' id='par_1_3' title="bbox 215 1044 1801 2847">
     <span class='ocr_line' id='line_1_12' title="bbox 348 1044 1759 1099; baseline -0.001 -11"><span class='ocrx_word' id='word_1_94' title='bbox 348 1045 432 1099; x_wconf 60' lang='lat' dir='ltr'><strong><em>[lh]</em></strong></span> <span class='ocrx_word' id='word_1_95' title='bbox 478 1045 614 1099; x_wconf 83' lang='lat' dir='ltr'>Quod</span> <span class='ocrx_word' id='word_1_96' title='bbox 654 1059 734 1099; x_wconf 90' lang='lat' dir='ltr'>per</span> <span class='ocrx_word' id='word_1_97' title='bbox 776 1046 1020 1086; x_wconf 88' lang='lat' dir='ltr'>“triticum</span> <span class='ocrx_word' id='word_1_98' title='bbox 1059 1051 1106 1087; x_wconf 86' lang='lat' dir='ltr'>et</span> <span class='ocrx_word' id='word_1_99' title='bbox 1149 1044 1406 1087; x_wconf 85' lang='lat' dir='ltr'>hordeum”</span> <span class='ocrx_word' id='word_1_100' title='bbox 1444 1045 1759 1099; x_wconf 86' lang='lat' dir='ltr'>significentur</span> 
     </span>
     <span class='ocr_line' id='line_1_13' title="bbox 263 1107 1801 1156; baseline 0.001 -8"><span class='ocrx_word' id='word_1_101' title='bbox 263 1107 384 1148; x_wconf 89' lang='lat' dir='ltr'>bona</span> <span class='ocrx_word' id='word_1_102' title='bbox 415 1113 461 1149; x_wconf 89' lang='lat' dir='ltr'>et</span> <span class='ocrx_word' id='word_1_103' title='bbox 493 1121 600 1149; x_wconf 87' lang='lat' dir='ltr'>vera</span> <span class='ocrx_word' id='word_1_104' title='bbox 631 1108 876 1156; x_wconf 81' lang='lat' dir='ltr'>exteriora,</span> <span class='ocrx_word' id='word_1_105' title='bbox 909 1122 988 1148; x_wconf 93' lang='lat' dir='ltr'>seu</span> <span class='ocrx_word' id='word_1_106' title='bbox 1019 1107 1139 1149; x_wconf 88' lang='lat' dir='ltr'>bona</span> <span class='ocrx_word' id='word_1_107' title='bbox 1171 1114 1218 1150; x_wconf 89' lang='lat' dir='ltr'>et</span> <span class='ocrx_word' id='word_1_108' title='bbox 1249 1122 1356 1149; x_wconf 91' lang='lat' dir='ltr'>vera</span> <span class='ocrx_word' id='word_1_109' title='bbox 1387 1121 1544 1149; x_wconf 89' lang='lat' dir='ltr'>sensus</span> <span class='ocrx_word' id='word_1_110' title='bbox 1577 1107 1758 1150; x_wconf 85' lang='lat' dir='ltr'>litterae</span> <span class='ocrx_word' id='word_1_111' title='bbox 1795 1131 1801 1133; x_wconf 39' lang='lat' dir='ltr'><em>f</em></span> 
     </span>
     <span class='ocr_line' id='line_1_14' title="bbox 264 1169 1757 1224; baseline 0.001 -14"><span class='ocrx_word' id='word_1_112' title='bbox 264 1169 420 1219; x_wconf 88' lang='lat' dir='ltr'>Verbi,</span> <span class='ocrx_word' id='word_1_113' title='bbox 453 1171 663 1224; x_wconf 75' lang='lat' dir='ltr'>est‘quia</span> <span class='ocrx_word' id='word_1_114' title='bbox 693 1177 799 1212; x_wconf 88' lang='lat' dir='ltr'>sunt</span> <span class='ocrx_word' id='word_1_115' title='bbox 836 1171 994 1211; x_wconf 89' lang='lat' dir='ltr'>messis</span> <span class='ocrx_word' id='word_1_116' title='bbox 1025 1171 1136 1224; x_wconf 86' lang='lat' dir='ltr'>agri,</span> <span class='ocrx_word' id='word_1_117' title='bbox 1169 1177 1216 1213; x_wconf 92' lang='lat' dir='ltr'>et</span> <span class='ocrx_word' id='word_1_118' title='bbox 1253 1184 1344 1212; x_wconf 92' lang='lat' dir='ltr'>non</span> <span class='ocrx_word' id='word_1_119' title='bbox 1378 1171 1626 1212; x_wconf 89' lang='lat' dir='ltr'>inserviunt</span> <span class='ocrx_word' id='word_1_120' title='bbox 1664 1172 1757 1212; x_wconf 89' lang='lat' dir='ltr'>esui</span> 
     </span>
     <span class='ocr_line' id='line_1_15' title="bbox 263 1233 1758 1288; baseline 0.001 -14"><span class='ocrx_word' id='word_1_121' title='bbox 263 1239 508 1287; x_wconf 84' lang='lat' dir='ltr'>antequam</span> <span class='ocrx_word' id='word_1_122' title='bbox 530 1233 642 1275; x_wconf 89' lang='lat' dir='ltr'>fiunt</span> <span class='ocrx_word' id='word_1_123' title='bbox 665 1247 820 1288; x_wconf 89' lang='lat' dir='ltr'>panes,</span> <span class='ocrx_word' id='word_1_124' title='bbox 845 1248 896 1275; x_wconf 90' lang='lat' dir='ltr'>ac</span> <span class='ocrx_word' id='word_1_125' title='bbox 921 1248 999 1288; x_wconf 87' lang='lat' dir='ltr'>per</span> <span class='ocrx_word' id='word_1_126' title='bbox 1024 1238 1201 1288; x_wconf 88' lang='lat' dir='ltr'>“panes</span> <span class='ocrx_word' id='word_1_127' title='bbox 1213 1233 1232 1249; x_wconf 90' lang='lat'>&#39;&#39;</span> <span class='ocrx_word' id='word_1_128' title='bbox 1254 1235 1299 1275; x_wconf 89' lang='lat' dir='ltr'>in</span> <span class='ocrx_word' id='word_1_129' title='bbox 1321 1233 1477 1275; x_wconf 89' lang='lat' dir='ltr'>Verbo</span> <span class='ocrx_word' id='word_1_130' title='bbox 1500 1233 1758 1288; x_wconf 87' lang='lat' dir='ltr'>significan-</span> 
     </span>
     <span class='ocr_line' id='line_1_16' title="bbox 264 1297 1759 1350; baseline 0.001 -13"><span class='ocrx_word' id='word_1_131' title='bbox 264 1303 338 1337; x_wconf 88' lang='lat' dir='ltr'>tur</span> <span class='ocrx_word' id='word_1_132' title='bbox 367 1297 488 1338; x_wconf 85' lang='lat' dir='ltr'>bona</span> <span class='ocrx_word' id='word_1_133' title='bbox 517 1297 733 1338; x_wconf 89' lang='lat' dir='ltr'>interiora</span> <span class='ocrx_word' id='word_1_134' title='bbox 751 1311 761 1348; x_wconf 72' lang='grc' dir='ltr'><strong><em>ς</em></strong></span> <span class='ocrx_word' id='word_1_135' title='bbox 794 1298 858 1338; x_wconf 85' lang='lat' dir='ltr'>ita</span> <span class='ocrx_word' id='word_1_136' title='bbox 895 1311 973 1350; x_wconf 89' lang='lat' dir='ltr'>per</span> <span class='ocrx_word' id='word_1_137' title='bbox 1007 1297 1248 1341; x_wconf 84' lang='lat' dir='ltr'>“triticum</span> <span class='ocrx_word' id='word_1_138' title='bbox 1280 1303 1327 1339; x_wconf 88' lang='lat' dir='ltr'>et</span> <span class='ocrx_word' id='word_1_139' title='bbox 1365 1297 1616 1339; x_wconf 87' lang='lat' dir='ltr'>hordeum”</span> <span class='ocrx_word' id='word_1_140' title='bbox 1650 1297 1759 1338; x_wconf 88' lang='lat' dir='ltr'>talia</span> 
     </span>
     <span class='ocr_line' id='line_1_17' title="bbox 264 1359 1758 1414; baseline 0 -14"><span class='ocrx_word' id='word_1_141' title='bbox 264 1373 323 1400; x_wconf 89' lang='lat' dir='ltr'>ex</span> <span class='ocrx_word' id='word_1_142' title='bbox 350 1360 508 1414; x_wconf 90' lang='lat' dir='ltr'>quibus</span> <span class='ocrx_word' id='word_1_143' title='bbox 534 1359 611 1400; x_wconf 93' lang='lat' dir='ltr'>illa</span> <span class='ocrx_word' id='word_1_144' title='bbox 637 1360 784 1410; x_wconf 87' lang='lat' dir='ltr'>bona;</span> <span class='ocrx_word' id='word_1_145' title='bbox 818 1360 928 1401; x_wconf 88' lang='lat' dir='ltr'>talia</span> <span class='ocrx_word' id='word_1_146' title='bbox 954 1360 1092 1401; x_wconf 89' lang='lat' dir='ltr'>etiam</span> <span class='ocrx_word' id='word_1_147' title='bbox 1118 1366 1223 1402; x_wconf 89' lang='lat' dir='ltr'>sunt</span> <span class='ocrx_word' id='word_1_148' title='bbox 1249 1360 1369 1401; x_wconf 91' lang='lat' dir='ltr'>bona</span> <span class='ocrx_word' id='word_1_149' title='bbox 1395 1367 1441 1402; x_wconf 91' lang='lat' dir='ltr'>et</span> <span class='ocrx_word' id='word_1_150' title='bbox 1468 1374 1574 1401; x_wconf 89' lang='lat' dir='ltr'>vera</span> <span class='ocrx_word' id='word_1_151' title='bbox 1601 1374 1758 1402; x_wconf 86' lang='lat' dir='ltr'>sensus</span> 
     </span>
     <span class='ocr_line' id='line_1_18' title="bbox 266 1422 1757 1478; baseline 0.001 -15"><span class='ocrx_word' id='word_1_152' title='bbox 266 1422 447 1464; x_wconf 83' lang='lat' dir='ltr'>litterae</span> <span class='ocrx_word' id='word_1_153' title='bbox 474 1423 640 1464; x_wconf 88' lang='lat' dir='ltr'>Verbi:</span> <span class='ocrx_word' id='word_1_154' title='bbox 674 1424 793 1477; x_wconf 90' lang='lat' dir='ltr'>quod</span> <span class='ocrx_word' id='word_1_155' title='bbox 826 1430 979 1464; x_wconf 92' lang='lat' dir='ltr'>autem</span> <span class='ocrx_word' id='word_1_156' title='bbox 1006 1437 1084 1477; x_wconf 87' lang='lat' dir='ltr'>per</span> <span class='ocrx_word' id='word_1_157' title='bbox 1113 1423 1300 1464; x_wconf 92' lang='lat' dir='ltr'>“oleum</span> <span class='ocrx_word' id='word_1_158' title='bbox 1332 1430 1379 1464; x_wconf 92' lang='lat' dir='ltr'>et</span> <span class='ocrx_word' id='word_1_159' title='bbox 1405 1424 1559 1465; x_wconf 87' lang='lat' dir='ltr'>vinum</span> <span class='ocrx_word' id='word_1_160' title='bbox 1571 1424 1590 1439; x_wconf 81' lang='lat'>’⁸</span> <span class='ocrx_word' id='word_1_161' title='bbox 1617 1425 1757 1478; x_wconf 88' lang='lat' dir='ltr'>signi-</span> 
     </span>
     <span class='ocr_line' id='line_1_19' title="bbox 264 1485 1756 1541; baseline 0.001 -15"><span class='ocrx_word' id='word_1_162' title='bbox 264 1485 456 1527; x_wconf 88' lang='lat' dir='ltr'>ficentur</span> <span class='ocrx_word' id='word_1_163' title='bbox 481 1486 602 1527; x_wconf 85' lang='lat' dir='ltr'>bona</span> <span class='ocrx_word' id='word_1_164' title='bbox 623 1487 852 1535; x_wconf 90' lang='lat' dir='ltr'>interiora,</span> <span class='ocrx_word' id='word_1_165' title='bbox 880 1500 994 1540; x_wconf 87' lang='lat' dir='ltr'>quae</span> <span class='ocrx_word' id='word_1_166' title='bbox 1020 1492 1125 1528; x_wconf 87' lang='lat' dir='ltr'>sunt</span> <span class='ocrx_word' id='word_1_167' title='bbox 1150 1500 1309 1527; x_wconf 88' lang='lat' dir='ltr'>sensus</span> <span class='ocrx_word' id='word_1_168' title='bbox 1335 1487 1499 1528; x_wconf 89' lang='lat' dir='ltr'>interni</span> <span class='ocrx_word' id='word_1_169' title='bbox 1525 1501 1604 1528; x_wconf 88' lang='lat' dir='ltr'>seu</span> <span class='ocrx_word' id='word_1_170' title='bbox 1630 1488 1756 1541; x_wconf 90' lang='lat' dir='ltr'>spiri-</span> 
     </span>
     <span class='ocr_line' id='line_1_20' title="bbox 265 1548 1757 1603; baseline 0.001 -13"><span class='ocrx_word' id='word_1_171' title='bbox 265 1548 401 1590; x_wconf 87' lang='lat' dir='ltr'>tualis</span> <span class='ocrx_word' id='word_1_172' title='bbox 433 1548 588 1598; x_wconf 91' lang='lat' dir='ltr'>Verbi,</span> <span class='ocrx_word' id='word_1_173' title='bbox 621 1556 832 1590; x_wconf 90' lang='lat' dir='ltr'>constare</span> <span class='ocrx_word' id='word_1_174' title='bbox 864 1555 1019 1603; x_wconf 88' lang='lat' dir='ltr'>potest</span> <span class='ocrx_word' id='word_1_175' title='bbox 1051 1563 1110 1590; x_wconf 91' lang='lat' dir='ltr'>ex</span> <span class='ocrx_word' id='word_1_176' title='bbox 1142 1549 1471 1603; x_wconf 85' lang='lat' dir='ltr'>significatione</span> <span class='ocrx_word' id='word_1_177' title='bbox 1503 1550 1681 1591; x_wconf 88' lang='lat' dir='ltr'>illorum</span> <span class='ocrx_word' id='word_1_178' title='bbox 1713 1551 1757 1591; x_wconf 92' lang='lat' dir='ltr'>in</span> 
     </span>
     <span class='ocr_line' id='line_1_21' title="bbox 264 1610 1757 1666; baseline 0.001 -15"><span class='ocrx_word' id='word_1_179' title='bbox 264 1610 434 1660; x_wconf 90' lang='lat' dir='ltr'>Verbo,</span> <span class='ocrx_word' id='word_1_180' title='bbox 455 1618 504 1653; x_wconf 93' lang='lat' dir='ltr'>ut</span> <span class='ocrx_word' id='word_1_181' title='bbox 522 1626 581 1653; x_wconf 86' lang='lat' dir='ltr'>ex</span> <span class='ocrx_word' id='word_1_182' title='bbox 599 1613 894 1666; x_wconf 82' lang='lat' dir='ltr'>sequentibus</span> <span class='ocrx_word' id='word_1_183' title='bbox 911 1612 1100 1666; x_wconf 87' lang='lat' dir='ltr'>patebit.</span> <span class='ocrx_word' id='word_1_184' title='bbox 1146 1611 1281 1665; x_wconf 83' lang='lat' dir='ltr'>Quod</span> <span class='ocrx_word' id='word_1_185' title='bbox 1303 1612 1372 1654; x_wconf 91' lang='lat' dir='ltr'>his</span> <span class='ocrx_word' id='word_1_186' title='bbox 1392 1616 1416 1633; x_wconf 82' lang='lat'>‘⁴</span> <span class='ocrx_word' id='word_1_187' title='bbox 1433 1626 1524 1654; x_wconf 89' lang='lat' dir='ltr'>non</span> <span class='ocrx_word' id='word_1_188' title='bbox 1542 1613 1757 1654; x_wconf 86' lang='lat' dir='ltr'>damnum</span> 
     </span>
     <span class='ocr_line' id='line_1_22' title="bbox 215 1668 1758 1729; baseline 0.002 -15"><span class='ocrx_word' id='word_1_189' title='bbox 215 1668 220 1669; x_wconf 41' lang='lat'><em>⁷</em></span> <span class='ocrx_word' id='word_1_190' title='bbox 264 1673 544 1716; x_wconf 87' lang='lat' dir='ltr'>inserendum</span> <span class='ocrx_word' id='word_1_191' title='bbox 580 1675 678 1724; x_wconf 86' lang='lat' dir='ltr'>sit,”</span> <span class='ocrx_word' id='word_1_192' title='bbox 715 1682 785 1717; x_wconf 89' lang='lat' dir='ltr'>est</span> <span class='ocrx_word' id='word_1_193' title='bbox 820 1689 967 1723; x_wconf 84' lang='lat' dir='ltr'>causa,</span> <span class='ocrx_word' id='word_1_194' title='bbox 1003 1688 1060 1716; x_wconf 91' lang='lat' dir='ltr'>ne</span> <span class='ocrx_word' id='word_1_195' title='bbox 1096 1675 1172 1721; x_wconf 87' lang='lat' dir='ltr'>illa</span> <span class='ocrx_word' id='word_1_196' title='bbox 1214 1675 1531 1729; x_wconf 85' lang='lat' dir='ltr'>profanentur;</span> <span class='ocrx_word' id='word_1_197' title='bbox 1575 1689 1680 1718; x_wconf 88' lang='lat' dir='ltr'>nam</span> <span class='ocrx_word' id='word_1_198' title='bbox 1722 1677 1758 1717; x_wconf 87' lang='lat' dir='ltr'>si</span> 
     </span>
     <span class='ocr_line' id='line_1_23' title="bbox 265 1737 1757 1793; baseline 0.002 -16"><span class='ocrx_word' id='word_1_199' title='bbox 265 1737 487 1778; x_wconf 87' lang='lat' dir='ltr'>scirentur</span> <span class='ocrx_word' id='word_1_200' title='bbox 507 1744 554 1779; x_wconf 88' lang='lat' dir='ltr'>et</span> <span class='ocrx_word' id='word_1_201' title='bbox 581 1738 874 1779; x_wconf 86' lang='lat' dir='ltr'>crederentur</span> <span class='ocrx_word' id='word_1_202' title='bbox 896 1751 946 1779; x_wconf 89' lang='lat' dir='ltr'>ac</span> <span class='ocrx_word' id='word_1_203' title='bbox 974 1745 1136 1791; x_wconf 86' lang='lat' dir='ltr'>postea</span> <span class='ocrx_word' id='word_1_204' title='bbox 1160 1745 1449 1792; x_wconf 87' lang='lat' dir='ltr'>negarentur,</span> <span class='ocrx_word' id='word_1_205' title='bbox 1474 1746 1551 1780; x_wconf 90' lang='lat' dir='ltr'>aut</span> <span class='ocrx_word' id='word_1_206' title='bbox 1578 1753 1757 1793; x_wconf 90' lang='lat' dir='ltr'>quoque</span> 
     </span>
     <span class='ocr_line' id='line_1_24' title="bbox 265 1800 1756 1855; baseline 0.002 -16"><span class='ocrx_word' id='word_1_207' title='bbox 265 1800 301 1840; x_wconf 89' lang='lat' dir='ltr'>si</span> <span class='ocrx_word' id='word_1_208' title='bbox 326 1800 552 1842; x_wconf 86' lang='lat' dir='ltr'>viveretur</span> <span class='ocrx_word' id='word_1_209' title='bbox 582 1808 744 1842; x_wconf 90' lang='lat' dir='ltr'>contra</span> <span class='ocrx_word' id='word_1_210' title='bbox 774 1801 865 1850; x_wconf 88' lang='lat' dir='ltr'>illa,</span> <span class='ocrx_word' id='word_1_211' title='bbox 899 1807 1006 1842; x_wconf 91' lang='lat' dir='ltr'>tunc</span> <span class='ocrx_word' id='word_1_212' title='bbox 1039 1800 1408 1854; x_wconf 87' lang='lat' dir='ltr'>profanarentur;</span> <span class='ocrx_word' id='word_1_213' title='bbox 1441 1808 1487 1843; x_wconf 89' lang='lat' dir='ltr'>et</span> <span class='ocrx_word' id='word_1_214' title='bbox 1520 1802 1756 1855; x_wconf 87' lang='lat' dir='ltr'>profanare</span> 
     </span>
     <span class='ocr_line' id='line_1_25' title="bbox 263 1863 1757 1918; baseline 0.003 -15"><span class='ocrx_word' id='word_1_215' title='bbox 263 1863 385 1904; x_wconf 88' lang='lat' dir='ltr'>bona</span> <span class='ocrx_word' id='word_1_216' title='bbox 421 1870 468 1904; x_wconf 91' lang='lat' dir='ltr'>et</span> <span class='ocrx_word' id='word_1_217' title='bbox 506 1878 612 1905; x_wconf 89' lang='lat' dir='ltr'>vera</span> <span class='ocrx_word' id='word_1_218' title='bbox 638 1866 852 1906; x_wconf 89' lang='lat' dir='ltr'>interiora</span> <span class='ocrx_word' id='word_1_219' title='bbox 890 1871 960 1906; x_wconf 89' lang='lat' dir='ltr'>est</span> <span class='ocrx_word' id='word_1_220' title='bbox 1001 1863 1277 1918; x_wconf 84' lang='lat' dir='ltr'>conjungere</span> <span class='ocrx_word' id='word_1_221' title='bbox 1315 1879 1363 1906; x_wconf 92' lang='lat' dir='ltr'>se</span> <span class='ocrx_word' id='word_1_222' title='bbox 1400 1878 1503 1906; x_wconf 89' lang='lat' dir='ltr'>cum</span> <span class='ocrx_word' id='word_1_223' title='bbox 1541 1865 1670 1906; x_wconf 84' lang='lat' dir='ltr'>caelo</span> <span class='ocrx_word' id='word_1_224' title='bbox 1711 1872 1757 1907; x_wconf 92' lang='lat' dir='ltr'>et</span> 
     </span>
     <span class='ocr_line' id='line_1_26' title="bbox 264 1925 1757 1982; baseline 0.003 -17"><span class='ocrx_word' id='word_1_225' title='bbox 264 1925 397 1966; x_wconf 89' lang='lat' dir='ltr'>simul</span> <span class='ocrx_word' id='word_1_226' title='bbox 429 1940 531 1968; x_wconf 87' lang='lat' dir='ltr'>cum</span> <span class='ocrx_word' id='word_1_227' title='bbox 557 1927 745 1976; x_wconf 89' lang='lat' dir='ltr'>inferno,</span> <span class='ocrx_word' id='word_1_228' title='bbox 774 1928 894 1981; x_wconf 91' lang='lat' dir='ltr'>quod</span> <span class='ocrx_word' id='word_1_229' title='bbox 926 1933 997 1969; x_wconf 88' lang='lat' dir='ltr'>est</span> <span class='ocrx_word' id='word_1_230' title='bbox 1030 1941 1211 1980; x_wconf 89' lang='lat' dir='ltr'>prorsus</span> <span class='ocrx_word' id='word_1_231' title='bbox 1243 1928 1430 1981; x_wconf 87' lang='lat' dir='ltr'>perdere</span> <span class='ocrx_word' id='word_1_232' title='bbox 1456 1929 1598 1970; x_wconf 89' lang='lat' dir='ltr'>vitam</span> <span class='ocrx_word' id='word_1_233' title='bbox 1630 1930 1757 1982; x_wconf 87' lang='lat' dir='ltr'>spiri-</span> 
     </span>
     <span class='ocr_line' id='line_1_27' title="bbox 265 1988 1756 2049; baseline 0.003 -20"><span class='ocrx_word' id='word_1_234' title='bbox 265 1988 464 2039; x_wconf 84' lang='lat' dir='ltr'>tualem;</span> <span class='ocrx_word' id='word_1_235' title='bbox 497 2003 603 2032; x_wconf 89' lang='lat' dir='ltr'>nam</span> <span class='ocrx_word' id='word_1_236' title='bbox 629 1991 749 2033; x_wconf 88' lang='lat' dir='ltr'>bona</span> <span class='ocrx_word' id='word_1_237' title='bbox 775 1998 822 2032; x_wconf 91' lang='lat' dir='ltr'>et</span> <span class='ocrx_word' id='word_1_238' title='bbox 848 2005 956 2031; x_wconf 88' lang='lat' dir='ltr'>vera</span> <span class='ocrx_word' id='word_1_239' title='bbox 977 2004 1092 2044; x_wconf 88' lang='lat' dir='ltr'>quae</span> <span class='ocrx_word' id='word_1_240' title='bbox 1114 1991 1370 2039; x_wconf 86' lang='lat' dir='ltr'>creduntur,</span> <span class='ocrx_word' id='word_1_241' title='bbox 1395 1999 1681 2049; x_wconf 85' lang='lat' dir='ltr'>permanent,</span> <span class='ocrx_word' id='word_1_242' title='bbox 1710 1999 1756 2033; x_wconf 89' lang='lat' dir='ltr'>et</span> 
     </span>
     <span class='ocr_line' id='line_1_28' title="bbox 263 2054 1753 2108; baseline 0.003 -16"><span class='ocrx_word' id='word_1_243' title='bbox 263 2066 439 2107; x_wconf 89' lang='lat' dir='ltr'>quoque</span> <span class='ocrx_word' id='word_1_244' title='bbox 466 2054 586 2095; x_wconf 88' lang='lat' dir='ltr'>mala</span> <span class='ocrx_word' id='word_1_245' title='bbox 611 2061 657 2095; x_wconf 92' lang='lat' dir='ltr'>et</span> <span class='ocrx_word' id='word_1_246' title='bbox 683 2055 809 2103; x_wconf 86' lang='lat' dir='ltr'>salsa,</span> <span class='ocrx_word' id='word_1_247' title='bbox 839 2068 952 2108; x_wconf 89' lang='lat' dir='ltr'>quae</span> <span class='ocrx_word' id='word_1_248' title='bbox 979 2067 1058 2107; x_wconf 90' lang='lat' dir='ltr'>per</span> <span class='ocrx_word' id='word_1_249' title='bbox 1083 2054 1376 2107; x_wconf 84' lang='lat' dir='ltr'>negationem</span> <span class='ocrx_word' id='word_1_250' title='bbox 1402 2061 1479 2096; x_wconf 87' lang='lat' dir='ltr'>aut</span> <span class='ocrx_word' id='word_1_251' title='bbox 1506 2069 1586 2108; x_wconf 91' lang='lat' dir='ltr'>per</span> <span class='ocrx_word' id='word_1_252' title='bbox 1611 2056 1753 2096; x_wconf 91' lang='lat' dir='ltr'>vitam</span> 
     </span>
     <span class='ocr_line' id='line_1_29' title="bbox 265 2116 1756 2170; baseline 0.003 -15"><span class='ocrx_word' id='word_1_253' title='bbox 265 2121 426 2156; x_wconf 88' lang='lat' dir='ltr'>contra</span> <span class='ocrx_word' id='word_1_254' title='bbox 457 2116 548 2166; x_wconf 91' lang='lat' dir='ltr'>illa,</span> <span class='ocrx_word' id='word_1_255' title='bbox 583 2116 686 2158; x_wconf 91' lang='lat' dir='ltr'>loco</span> <span class='ocrx_word' id='word_1_256' title='bbox 717 2131 871 2158; x_wconf 90' lang='lat' dir='ltr'>eorum</span> <span class='ocrx_word' id='word_1_257' title='bbox 909 2117 1186 2167; x_wconf 81' lang='lat' dir='ltr'>succedunt3</span> <span class='ocrx_word' id='word_1_258' title='bbox 1224 2118 1329 2158; x_wconf 88' lang='lat' dir='ltr'>inde</span> <span class='ocrx_word' id='word_1_259' title='bbox 1360 2116 1618 2170; x_wconf 66' lang='lat' dir='ltr'>conjunctio</span> <span class='ocrx_word' id='word_1_260' title='bbox 1650 2119 1756 2159; x_wconf 91' lang='lat' dir='ltr'>boni</span> 
     </span>
     <span class='ocr_line' id='line_1_30' title="bbox 264 2179 1755 2235; baseline 0.001 -15"><span class='ocrx_word' id='word_1_261' title='bbox 264 2185 311 2220; x_wconf 87' lang='lat' dir='ltr'>et</span> <span class='ocrx_word' id='word_1_262' title='bbox 343 2181 436 2220; x_wconf 91' lang='lat' dir='ltr'>veri</span> <span class='ocrx_word' id='word_1_263' title='bbox 468 2194 582 2234; x_wconf 89' lang='lat' dir='ltr'>quae</span> <span class='ocrx_word' id='word_1_264' title='bbox 613 2180 727 2221; x_wconf 88' lang='lat' dir='ltr'>caeli</span> <span class='ocrx_word' id='word_1_265' title='bbox 758 2187 863 2222; x_wconf 88' lang='lat' dir='ltr'>sunt</span> <span class='ocrx_word' id='word_1_266' title='bbox 904 2193 1005 2220; x_wconf 90' lang='lat' dir='ltr'>cum</span> <span class='ocrx_word' id='word_1_267' title='bbox 1043 2179 1173 2220; x_wconf 86' lang='lat' dir='ltr'>malis</span> <span class='ocrx_word' id='word_1_268' title='bbox 1205 2186 1251 2221; x_wconf 90' lang='lat' dir='ltr'>et</span> <span class='ocrx_word' id='word_1_269' title='bbox 1287 2180 1410 2221; x_wconf 88' lang='lat' dir='ltr'>salsis</span> <span class='ocrx_word' id='word_1_270' title='bbox 1448 2195 1562 2235; x_wconf 90' lang='lat' dir='ltr'>quae</span> <span class='ocrx_word' id='word_1_271' title='bbox 1599 2182 1755 2222; x_wconf 87' lang='lat' dir='ltr'>inferni</span> 
     </span>
     <span class='ocr_line' id='line_1_31' title="bbox 264 2243 1755 2297; baseline 0.001 -15"><span class='ocrx_word' id='word_1_272' title='bbox 264 2248 383 2291; x_wconf 87' lang='lat' dir='ltr'>sunt,</span> <span class='ocrx_word' id='word_1_273' title='bbox 411 2257 525 2296; x_wconf 86' lang='lat' dir='ltr'>quae</span> <span class='ocrx_word' id='word_1_274' title='bbox 552 2256 642 2284; x_wconf 91' lang='lat' dir='ltr'>non</span> <span class='ocrx_word' id='word_1_275' title='bbox 669 2243 864 2297; x_wconf 87' lang='lat' dir='ltr'>separari</span> <span class='ocrx_word' id='word_1_276' title='bbox 891 2248 1097 2296; x_wconf 89' lang='lat' dir='ltr'>possunt,</span> <span class='ocrx_word' id='word_1_277' title='bbox 1125 2243 1205 2283; x_wconf 92' lang='lat' dir='ltr'>sed</span> <span class='ocrx_word' id='word_1_278' title='bbox 1232 2243 1440 2297; x_wconf 89' lang='lat' dir='ltr'>discerpi,</span> <span class='ocrx_word' id='word_1_279' title='bbox 1465 2251 1512 2284; x_wconf 87' lang='lat' dir='ltr'>et</span> <span class='ocrx_word' id='word_1_280' title='bbox 1540 2257 1642 2285; x_wconf 91' lang='lat' dir='ltr'>cum</span> <span class='ocrx_word' id='word_1_281' title='bbox 1665 2245 1755 2284; x_wconf 85' lang='lat' dir='ltr'>dis-</span> 
     </span>
     <span class='ocr_line' id='line_1_32' title="bbox 263 2306 1754 2362; baseline 0.001 -17"><span class='ocrx_word' id='word_1_282' title='bbox 263 2312 519 2359; x_wconf 89' lang='lat' dir='ltr'>cerpuntur,</span> <span class='ocrx_word' id='word_1_283' title='bbox 545 2306 790 2362; x_wconf 86' lang='lat' dir='ltr'>destruitur</span> <span class='ocrx_word' id='word_1_284' title='bbox 808 2319 942 2347; x_wconf 89' lang='lat' dir='ltr'>omne</span> <span class='ocrx_word' id='word_1_285' title='bbox 965 2306 1086 2346; x_wconf 87' lang='lat' dir='ltr'>vitae</span> <span class='ocrx_word' id='word_1_286' title='bbox 1105 2306 1359 2359; x_wconf 62' lang='lat' dir='ltr'>spiritualis</span> <span class='ocrx_word' id='word_1_287' title='bbox 1407 2307 1518 2347; x_wconf 92' lang='lat' dir='ltr'>Inde</span> <span class='ocrx_word' id='word_1_288' title='bbox 1541 2314 1612 2348; x_wconf 90' lang='lat' dir='ltr'>est</span> <span class='ocrx_word' id='word_1_289' title='bbox 1634 2308 1754 2360; x_wconf 89' lang='lat' dir='ltr'>quod</span> 
     </span>
     <span class='ocr_line' id='line_1_33' title="bbox 266 2364 1755 2423; baseline 0.002 -15"><span class='ocrx_word' id='word_1_290' title='bbox 266 2364 579 2421; x_wconf 85' lang='lat' dir='ltr'>profanatores</span> <span class='ocrx_word' id='word_1_291' title='bbox 628 2376 732 2423; x_wconf 90' lang='lat' dir='ltr'>post</span> <span class='ocrx_word' id='word_1_292' title='bbox 779 2375 974 2409; x_wconf 90' lang='lat' dir='ltr'>mortem</span> <span class='ocrx_word' id='word_1_293' title='bbox 1020 2381 1110 2409; x_wconf 91' lang='lat' dir='ltr'>non</span> <span class='ocrx_word' id='word_1_294' title='bbox 1156 2369 1246 2410; x_wconf 89' lang='lat' dir='ltr'>sint</span> <span class='ocrx_word' id='word_1_295' title='bbox 1291 2370 1471 2423; x_wconf 85' lang='lat' dir='ltr'>spiritus</span> <span class='ocrx_word' id='word_1_296' title='bbox 1520 2371 1564 2410; x_wconf 90' lang='lat' dir='ltr'>in</span> <span class='ocrx_word' id='word_1_297' title='bbox 1613 2370 1755 2411; x_wconf 85' lang='lat' dir='ltr'>forma</span> 
     </span>
     <span class='ocr_line' id='line_1_34' title="bbox 263 2430 1755 2486; baseline 0.002 -15"><span class='ocrx_word' id='word_1_298' title='bbox 263 2430 476 2481; x_wconf 87' lang='lat' dir='ltr'>humana,</span> <span class='ocrx_word' id='word_1_299' title='bbox 511 2439 559 2474; x_wconf 91' lang='lat' dir='ltr'>ut</span> <span class='ocrx_word' id='word_1_300' title='bbox 591 2433 680 2482; x_wconf 92' lang='lat' dir='ltr'>alii,</span> <span class='ocrx_word' id='word_1_301' title='bbox 714 2433 794 2473; x_wconf 87' lang='lat' dir='ltr'>sed</span> <span class='ocrx_word' id='word_1_302' title='bbox 828 2445 948 2472; x_wconf 90' lang='lat' dir='ltr'>mere</span> <span class='ocrx_word' id='word_1_303' title='bbox 986 2431 1268 2485; x_wconf 87' lang='lat' dir='ltr'>phantasiae,</span> <span class='ocrx_word' id='word_1_304' title='bbox 1302 2439 1348 2474; x_wconf 93' lang='lat' dir='ltr'>et</span> <span class='ocrx_word' id='word_1_305' title='bbox 1386 2440 1635 2486; x_wconf 88' lang='lat' dir='ltr'>appareant</span> <span class='ocrx_word' id='word_1_306' title='bbox 1672 2434 1755 2474; x_wconf 89' lang='lat' dir='ltr'>sibi</span> 
     </span>
     <span class='ocr_line' id='line_1_35' title="bbox 263 2494 1754 2549; baseline 0.001 -13"><span class='ocrx_word' id='word_1_307' title='bbox 263 2494 416 2536; x_wconf 89' lang='lat' dir='ltr'>volare</span> <span class='ocrx_word' id='word_1_308' title='bbox 451 2495 538 2537; x_wconf 91' lang='lat' dir='ltr'>huc</span> <span class='ocrx_word' id='word_1_309' title='bbox 580 2495 684 2536; x_wconf 92' lang='lat' dir='ltr'>illuc</span> <span class='ocrx_word' id='word_1_310' title='bbox 726 2495 895 2549; x_wconf 89' lang='lat' dir='ltr'>absque</span> <span class='ocrx_word' id='word_1_311' title='bbox 936 2494 1085 2548; x_wconf 88' lang='lat' dir='ltr'>aliqua</span> <span class='ocrx_word' id='word_1_312' title='bbox 1125 2496 1437 2549; x_wconf 89' lang='lat' dir='ltr'>cogitatione;</span> <span class='ocrx_word' id='word_1_313' title='bbox 1479 2502 1525 2537; x_wconf 90' lang='lat' dir='ltr'>et</span> <span class='ocrx_word' id='word_1_314' title='bbox 1566 2496 1754 2537; x_wconf 91' lang='lat' dir='ltr'>tandem</span> 
     </span>
     <span class='ocr_line' id='line_1_36' title="bbox 264 2557 1753 2612; baseline 0.001 -14"><span class='ocrx_word' id='word_1_315' title='bbox 264 2565 531 2612; x_wconf 90' lang='lat' dir='ltr'>separantur</span> <span class='ocrx_word' id='word_1_316' title='bbox 556 2559 613 2599; x_wconf 89' lang='lat' dir='ltr'>ab</span> <span class='ocrx_word' id='word_1_317' title='bbox 644 2558 756 2607; x_wconf 89' lang='lat' dir='ltr'>aliis,</span> <span class='ocrx_word' id='word_1_318' title='bbox 786 2571 836 2598; x_wconf 86' lang='lat' dir='ltr'>ac</span> <span class='ocrx_word' id='word_1_319' title='bbox 870 2558 912 2597; x_wconf 90' lang='lat' dir='ltr'>in</span> <span class='ocrx_word' id='word_1_320' title='bbox 946 2557 1165 2598; x_wconf 88' lang='lat' dir='ltr'>infernum</span> <span class='ocrx_word' id='word_1_321' title='bbox 1190 2559 1390 2599; x_wconf 90' lang='lat' dir='ltr'>omnium</span> <span class='ocrx_word' id='word_1_322' title='bbox 1417 2558 1616 2600; x_wconf 90' lang='lat' dir='ltr'>infimum</span> <span class='ocrx_word' id='word_1_323' title='bbox 1644 2559 1753 2612; x_wconf 84' lang='lat' dir='ltr'>deji-</span> 
     </span>
     <span class='ocr_line' id='line_1_37' title="bbox 264 2621 1754 2675; baseline 0.001 -14"><span class='ocrx_word' id='word_1_324' title='bbox 264 2621 465 2662; x_wconf 89' lang='lat' dir='ltr'>ciuntur:</span> <span class='ocrx_word' id='word_1_325' title='bbox 499 2628 545 2663; x_wconf 89' lang='lat' dir='ltr'>et</span> <span class='ocrx_word' id='word_1_326' title='bbox 578 2622 680 2675; x_wconf 90' lang='lat' dir='ltr'>quia</span> <span class='ocrx_word' id='word_1_327' title='bbox 706 2635 794 2661; x_wconf 91' lang='lat' dir='ltr'>non</span> <span class='ocrx_word' id='word_1_328' title='bbox 823 2626 1044 2674; x_wconf 88' lang='lat' dir='ltr'>apparent</span> <span class='ocrx_word' id='word_1_329' title='bbox 1077 2621 1121 2660; x_wconf 91' lang='lat' dir='ltr'>in</span> <span class='ocrx_word' id='word_1_330' title='bbox 1146 2621 1289 2662; x_wconf 83' lang='lat' dir='ltr'>forma</span> <span class='ocrx_word' id='word_1_331' title='bbox 1314 2621 1512 2662; x_wconf 90' lang='lat' dir='ltr'>humana</span> <span class='ocrx_word' id='word_1_332' title='bbox 1538 2623 1653 2663; x_wconf 91' lang='lat' dir='ltr'>sicut</span> <span class='ocrx_word' id='word_1_333' title='bbox 1680 2622 1754 2663; x_wconf 91' lang='lat' dir='ltr'>alii</span> 
     </span>
     <span class='ocr_line' id='line_1_38' title="bbox 264 2682 1753 2738; baseline 0.001 -14"><span class='ocrx_word' id='word_1_334' title='bbox 264 2684 461 2738; x_wconf 87' lang='lat' dir='ltr'>spiritus,</span> <span class='ocrx_word' id='word_1_335' title='bbox 489 2684 592 2725; x_wconf 88' lang='lat' dir='ltr'>ideo</span> <span class='ocrx_word' id='word_1_336' title='bbox 624 2697 714 2724; x_wconf 93' lang='lat' dir='ltr'>non</span> <span class='ocrx_word' id='word_1_337' title='bbox 746 2683 937 2738; x_wconf 88' lang='lat' dir='ltr'>amplius</span> <span class='ocrx_word' id='word_1_338' title='bbox 969 2682 1025 2723; x_wconf 93' lang='lat' dir='ltr'>de</span> <span class='ocrx_word' id='word_1_339' title='bbox 1065 2682 1116 2723; x_wconf 91' lang='lat' dir='ltr'>iis</span> <span class='ocrx_word' id='word_1_340' title='bbox 1147 2683 1307 2725; x_wconf 90' lang='lat' dir='ltr'>dicitur</span> <span class='ocrx_word' id='word_1_341' title='bbox 1338 2683 1412 2725; x_wconf 88' lang='lat' dir='ltr'>ille</span> <span class='ocrx_word' id='word_1_342' title='bbox 1443 2684 1517 2725; x_wconf 90' lang='lat' dir='ltr'>vel</span> <span class='ocrx_word' id='word_1_343' title='bbox 1550 2684 1638 2733; x_wconf 89' lang='lat' dir='ltr'>illa,</span> <span class='ocrx_word' id='word_1_344' title='bbox 1673 2685 1753 2726; x_wconf 88' lang='lat' dir='ltr'>sed</span> 
     </span>
     <span class='ocr_line' id='line_1_39' title="bbox 262 2744 1755 2795; baseline -0.001 -8"><span class='ocrx_word' id='word_1_345' title='bbox 262 2745 392 2795; x_wconf 75' lang='lat' dir='ltr'>illud,</span> <span class='ocrx_word' id='word_1_346' title='bbox 414 2745 501 2786; x_wconf 87' lang='lat' dir='ltr'>hOC</span> <span class='ocrx_word' id='word_1_347' title='bbox 527 2751 613 2793; x_wconf 74' lang='lat' dir='ltr'>eSt,</span> <span class='ocrx_word' id='word_1_348' title='bbox 641 2758 733 2785; x_wconf 84' lang='lat' dir='ltr'>non</span> <span class='ocrx_word' id='word_1_349' title='bbox 759 2744 912 2784; x_wconf 88' lang='lat' dir='ltr'>homo.</span> <span class='ocrx_word' id='word_1_350' title='bbox 954 2754 1032 2791; x_wconf 91' lang='lat' dir='ltr'>(Sed</span> <span class='ocrx_word' id='word_1_351' title='bbox 1046 2754 1138 2792; x_wconf 76' lang='lat' dir='ltr'>plura</span> <span class='ocrx_word' id='word_1_352' title='bbox 1152 2755 1193 2784; x_wconf 90' lang='lat' dir='ltr'>de</span> <span class='ocrx_word' id='word_1_353' title='bbox 1211 2756 1431 2794; x_wconf 81' lang='lat' dir='ltr'>profanatione</span> <span class='ocrx_word' id='word_1_354' title='bbox 1446 2756 1569 2785; x_wconf 88' lang='lat' dir='ltr'>boniet</span> <span class='ocrx_word' id='word_1_355' title='bbox 1588 2756 1652 2785; x_wconf 84' lang='lat' dir='ltr'>veri</span> <span class='ocrx_word' id='word_1_356' title='bbox 1667 2756 1755 2785; x_wconf 87' lang='lat' dir='ltr'>vide-</span> 
     </span>
     <span class='ocr_line' id='line_1_40' title="bbox 262 2807 1196 2847; baseline -0.001 -9"><span class='ocrx_word' id='word_1_357' title='bbox 262 2814 356 2838; x_wconf 89' lang='lat' dir='ltr'>antur</span> <span class='ocrx_word' id='word_1_358' title='bbox 374 2809 406 2838; x_wconf 88' lang='lat' dir='ltr'>in</span> <span class='ocrx_word' id='word_1_359' title='bbox 427 2810 585 2838; x_wconf 58' lang='lat' dir='ltr'>Dodrina</span> <span class='ocrx_word' id='word_1_360' title='bbox 595 2810 705 2838; x_wconf 80' lang='lat' dir='ltr'>Novae</span> <span class='ocrx_word' id='word_1_361' title='bbox 718 2807 1091 2845; x_wconf 59' lang='lat' dir='ltr'>Hierosohaemae‚n.169,</span> <span class='ocrx_word' id='word_1_362' title='bbox 1113 2808 1196 2847; x_wconf 83' lang='lat'><em>172.)</em></span> 
     </span>
    </p>

    <p class='ocr_par' dir='ltr' id='par_1_4' title="bbox 263 2870 1752 2976">
     <span class='ocr_line' id='line_1_41' title="bbox 346 2870 1752 2926; baseline -0.001 -13"><span class='ocrx_word' id='word_1_363' title='bbox 346 2870 428 2926; x_wconf 80' lang='lat' dir='ltr'>[c.]</span> <span class='ocrx_word' id='word_1_364' title='bbox 471 2871 702 2925; x_wconf 82' lang='lat' dir='ltr'>Quoniam</span> <span class='ocrx_word' id='word_1_365' title='bbox 725 2870 830 2912; x_wconf 89' lang='lat' dir='ltr'>talis</span> <span class='ocrx_word' id='word_1_366' title='bbox 852 2883 949 2910; x_wconf 88' lang='lat' dir='ltr'>sors</span> <span class='ocrx_word' id='word_1_367' title='bbox 970 2877 1126 2912; x_wconf 87' lang='lat' dir='ltr'>manet</span> <span class='ocrx_word' id='word_1_368' title='bbox 1148 2870 1252 2912; x_wconf 89' lang='lat' dir='ltr'>illos</span> <span class='ocrx_word' id='word_1_369' title='bbox 1269 2872 1343 2925; x_wconf 91' lang='lat' dir='ltr'>qui</span> <span class='ocrx_word' id='word_1_370' title='bbox 1365 2871 1607 2925; x_wconf 84' lang='lat' dir='ltr'>profanant</span> <span class='ocrx_word' id='word_1_371' title='bbox 1630 2871 1752 2912; x_wconf 87' lang='lat' dir='ltr'>bona</span> 
     </span>
     <span class='ocr_line' id='line_1_42' title="bbox 263 2919 1748 2980; baseline -0.001 -4"><span class='ocrx_word' id='word_1_372' title='bbox 263 2939 309 2976; x_wconf 81' lang='lat' dir='ltr'>et</span> <span class='ocrx_word' id='word_1_373' title='bbox 331 2948 436 2975; x_wconf 88' lang='lat' dir='ltr'>vera</span> <span class='ocrx_word' id='word_1_374' title='bbox 458 2934 671 2974; x_wconf 88' lang='lat' dir='ltr'>interiora</span> <span class='ocrx_word' id='word_1_375' title='bbox 689 2932 801 2973; x_wconf 84' lang='lat' dir='ltr'>caeli</span> <span class='ocrx_word' id='word_1_376' title='bbox 824 2919 869 2973; x_wconf 82' lang='lat' dir='ltr'>e‘t</span> <span class='ocrx_word' id='word_1_377' title='bbox 892 2931 1124 2980; x_wconf 86' lang='lat' dir='ltr'>ecclesiae,</span> <span class='ocrx_word' id='word_1_378' title='bbox 1144 2933 1246 2974; x_wconf 91' lang='lat' dir='ltr'>ideo</span> <span class='ocrx_word' id='word_1_379' title='bbox 1268 2947 1424 2974; x_wconf 85' lang='lat' dir='ltr'>sensus</span> <span class='ocrx_word' id='word_1_380' title='bbox 1447 2934 1649 2974; x_wconf 90' lang='lat' dir='ltr'>internus</span> <span class='ocrx_word' id='word_1_381' title='bbox 1672 2947 1748 2974; x_wconf 88' lang='lat' dir='ltr'>seu</span> 
     </span>
    </p>
   </div>
  </div>
 </body>
</html>
