2008 3360
557 333 663 365 CAP.
687 333 767 371 vl„
791 332 930 364 VERS.
959 329 1128 362 12.—N.
1149 318 1312 373 400[c].
1599 317 1681 370 863

191 445 334 487 minus
359 444 613 486 liberaverit
639 458 795 486 ornnes
821 459 848 485 a
868 444 977 497 jugo
1007 443 1119 496 legis
1151 455 1229 496 per
1254 440 1565 495 impletionem
1591 439 1682 493 ejus

189 523 240 550 ac
263 509 382 563 quod
408 509 715 562 propitiaverit
742 522 819 561 per
841 508 1104 561 sanguinem
1129 518 1270 554 suum,
1295 511 1401 545 tunc
1428 503 1547 544 mala
1568 517 1683 557 quae

189 572 326 613 homo
351 571 456 612 facit
482 585 542 613 ex
568 571 643 611 illa
668 570 754 611 fide
780 578 884 612 sunt
911 570 1030 611 mala
1054 569 1165 610 falsi.

273 641 354 697 [c.]
396 642 537 696 Apud
561 641 849 690 Ezechielem,

258 730 334 762 “In
359 730 416 762 die
436 740 506 771 quo
525 730 644 761 veniet
668 729 750 770 Gog
772 739 879 770 super
897 735 1027 760 terram
1053 727 1196 760 Israelis
1200 751 1293 764 .....
1300 726 1468 758 ascendet
1491 725 1683 757 excandes-

362 774 479 805 centia
494 774 531 805 in
546 774 597 805 ira
611 783 691 804 mea
704 783 711 810 ;
737 779 771 804 et
787 773 823 804 in
837 773 913 804 zelo
926 783 1008 804 meo
1024 778 1059 803 et
1075 773 1111 803 in
1129 772 1212 812 igne
1224 770 1481 811 indignationis
1494 770 1629 810 loquar,
1647 769 1683 801 Si

364 827 437 848 non
455 817 491 848 in
508 817 566 848 die
585 817 653 848 hoc
672 817 778 848 fuerit
794 823 908 848 terrae
926 823 1043 847 motus
1061 825 1213 856 magnus
1233 824 1340 855 super
1355 821 1450 845 terra
1471 813 1625 850 Israelis,
1644 818 1684 844 ut

362 861 639 892 contremiscant
663 870 783 891 coram
811 860 871 891 Me
896 860 1010 900 pisces
1035 860 1154 896 maris,
1181 864 1216 889 et
1238 857 1315 889 avis
1339 857 1530 894 caelorum,
1550 862 1585 888 et
1608 856 1684 887 fera

362 904 450 944 agri,
470 910 506 936 et
522 914 629 935 omne
646 904 773 944 reptile
790 910 936 943 reptans
953 913 1060 943 super
1073 909 1176 939 terra.
1192 907 1228 933 et
1244 901 1362 932 omnis
1378 901 1488 932 homo
1501 900 1560 941 qui
1577 909 1684 940 super

362 947 520 979 faciebus
540 954 664 985 terrae,
685 954 721 978 et
740 954 945 978 evertentur
964 953 1117 983 montes,
1139 951 1175 977 et
1194 945 1322 976 cadent
1343 944 1487 985 gradus,
1509 950 1545 975 et
1565 944 1683 975 omnis

363 1001 484 1023 murus
501 990 537 1022 in
555 997 685 1022 terram
702 997 780 1022 ruet
791 990 808 1001 '’
826 990 985 1030 (xxxviii.
1005 990 1144 1029 18-2o):

189 1093 268 1133 per
285 1078 493 1132 “Gogum
506 1077 814 1132 ”significatur
829 1077 974 1118 cultus
989 1083 1206 1118 externus
1219 1076 1387 1129 absque
1401 1076 1593 1123 interno,
1605 1088 1685 1128 per

191 1146 396 1183 “terram
436 1141 614 1182 Israelis
626 1141 645 1156 ”
683 1140 961 1194 significatur
1001 1139 1221 1190 ecclesia;
1267 1139 1371 1179 inde
1411 1144 1540 1192 patet
1577 1137 1684 1191 quid

189 1203 410 1257 significat
432 1205 551 1258 quod
571 1205 651 1244 “in
674 1204 746 1244 die
769 1203 846 1244 illo
868 1204 1018 1244 veniet
1041 1202 1199 1255 Gogus
1220 1215 1353 1255 super
1373 1207 1539 1242 terram
1564 1200 1682 1241 Isra-

190 1267 270 1308 elis
286 1267 321 1307 :”
362 1268 481 1320 quod
521 1271 664 1307 “tunc
702 1267 785 1307 erit
823 1273 968 1306 terrae
1010 1272 1160 1305 motus
1201 1277 1391 1317 magnus
1403 1263 1422 1279 ”
1460 1263 1684 1316 significat

190 1331 487 1371 mutationem
525 1330 744 1371 ecclesiae
784 1343 834 1370 ae
876 1330 1175 1370 inversionem
1215 1327 1336 1380 ejus;
1378 1327 1526 1368 cultus
1564 1328 1683 1368 enim

188 1400 406 1434 externus
428 1406 561 1434 omne
584 1407 709 1433 suum
733 1393 870 1433 habet
893 1406 951 1433 ex
975 1392 1099 1432 cultu
1120 1392 1312 1439 interno,
1330 1390 1446 1431 adeo
1467 1397 1516 1431 ut
1538 1390 1681 1444 qualis

189 1456 258 1497 hic
282 1456 385 1497 talis
407 1456 482 1497 ille
499 1471 508 1507 ;
540 1470 676 1510 quare
694 1457 766 1496 ubi
785 1470 873 1496 non
893 1462 962 1496 est
981 1454 1128 1495 cultus
1146 1455 1346 1495 internus
1368 1453 1427 1494 ibi
1448 1459 1519 1494 est
1536 1453 1684 1494 cultus

189 1525 406 1560 externus
424 1533 513 1560 non
537 1519 698 1567 cultus,
718 1519 797 1559 sed
821 1518 955 1559 modo
977 1524 1132 1570 gestus
1155 1523 1201 1557 et
1223 1516 1428 1570 loquela;
1461 1516 1683 1569 cogitatio

189 1596 302 1635 quae
328 1582 457 1622 simul
484 1583 628 1630 adest,
655 1588 725 1622 est
752 1596 811 1622 ex
838 1581 934 1622 sola
960 1581 1175 1621 memoria
1200 1579 1405 1628 naturali,
1433 1585 1479 1620 et
1504 1577 1683 1620 affectio

188 1652 258 1686 est
290 1659 348 1686 ex
381 1659 581 1699 corpore,
609 1645 751 1699 qualis
782 1651 851 1686 est
883 1657 1034 1685 coram
1070 1643 1252 1684 homine
1288 1656 1348 1683 ex
1383 1642 1566 1683 habitu:
1605 1656 1685 1696 per

136 1736 144 1738 Δ
189 1708 308 1762 quod
329 1709 719 1749 “contremiscent
742 1709 887 1761 pisces
909 1708 1055 1755 maris,
1079 1707 1174 1747 avis
1195 1705 1435 1753 caelorum,
1459 1705 1550 1746 fera
1572 1706 1682 1758 agri,

189 1778 235 1812 et
269 1784 403 1812 omne
434 1771 595 1825 reptile
626 1778 810 1825 reptans
842 1784 973 1823 super
1004 1769 1161 1818 terra,”
1192 1767 1502 1822 significantur
1533 1770 1685 1810 omnia

189 1834 408 1884 hominis;
441 1848 544 1874 nam
571 1848 649 1888 per
672 1835 855 1888 “pisces
878 1834 1010 1874 maris
1023 1833 1042 1848 ”
1064 1832 1372 1886 significantur
1393 1832 1614 1873 naturalia
1639 1833 1683 1873 in

190 1898 430 1946 communi,
454 1904 499 1938 et
526 1898 569 1938 in
595 1899 744 1951 specie
770 1896 1015 1938 scientifica
1040 1897 1126 1945 ibi;
1159 1909 1237 1949 per
1260 1899 1403 1936 “aves
1426 1894 1684 1937 caelorum‘’

189 1959 497 2013 significantur
511 1959 834 2001 intellectualia
849 1961 891 2000 in
908 1959 1146 2006 communi,
1159 1960 1201 1999 in
1217 1960 1366 2012 specie
1379 1959 1683 2012 cogitationes

190 2037 249 2064 ex
272 2024 403 2071 veris,
426 2023 495 2064 hic
519 2031 670 2064 autem
697 2037 756 2064 ex
782 2023 928 2072 salsis;
961 2036 1038 2076 per
1062 2026 1086 2042 “
1101 2022 1238 2062 feram
1261 2023 1355 2075 agri
1368 2022 1386 2036 ”
1409 2021 1685 2075 significatur

190 2084 368 2126 affectio
393 2092 439 2126 et
465 2087 686 2139 cupiditas
716 2085 814 2126 falsi
846 2092 892 2126 et
925 2084 1055 2135 mali;
1088 2091 1134 2125 et
1166 2098 1244 2138 per
1270 2084 1469 2138 “reptile
1500 2091 1684 2138 reptans

189 2162 321 2202 super
337 2148 485 2189 terra'’
501 2148 777 2202 significatur
798 2147 1002 2189 sensuale
1020 2147 1139 2200 quod
1157 2154 1227 2188 est
1245 2147 1450 2188 ultimum
1470 2147 1684 2188 naturalis

190 2225 290 2252 cum
308 2211 512 2264 jucundis
534 2218 580 2252 et
603 2211 857 2252 scientificis
880 2211 937 2251 ibi
956 2224 963 2251 :
998 2218 1044 2251 et
1063 2211 1164 2264 quia
1190 2224 1268 2264 per
1283 2210 1360 2251 illa
1376 2210 1686 2263 significantur

190 2275 340 2315 omnia
376 2275 582 2322 hominis,
620 2275 731 2320 ideo,
760 2274 934 2322 dicitur,
969 2276 1053 2314 “et
1090 2274 1234 2314 omnis
1271 2273 1407 2314 homo
1444 2274 1517 2327 qui
1554 2287 1686 2326 super

189 2336 384 2378 faciebus
402 2344 549 2378 terrae
566 2337 600 2388 ;'’
627 2338 810 2378 “omnis
828 2335 994 2377 homo''
1013 2337 1056 2376 in
1075 2349 1207 2377 sensu
1225 2336 1442 2390 spirituali
1463 2343 1532 2378 est
1550 2350 1685 2377 omne

190 2399 382 2440 hominis
408 2400 556 2454 quoad
588 2400 938 2453 intelligentiam
970 2405 1015 2439 et
1042 2399 1334 2452 sapientiam:
1368 2400 1488 2453 quod
1515 2404 1683 2441 “ever-

191 2468 345 2503 tentur
377 2469 569 2511 montes,
600 2463 765 2504 cadent
797 2462 976 2515 gradus,
1009 2468 1055 2502 et
1088 2462 1232 2502 omnis
1263 2475 1411 2503 murus
1443 2463 1486 2503 in
1519 2469 1684 2504 terram

190 2525 327 2574 ruet‚'³
353 2525 628 2579 significatur
654 2525 772 2579 quod
805 2525 1048 2578 periturum
1074 2538 1209 2565 omne
1238 2525 1405 2566 bonum
1432 2527 1610 2575 amoris,
1637 2532 1686 2567 et

191 2602 325 2630 omne
346 2602 498 2630 verum
522 2589 629 2642 ejus,
653 2596 698 2630 et
721 2588 841 2642 quod
865 2588 926 2628 sic
949 2587 1117 2641 absque
1138 2588 1394 2629 resistentia
1415 2589 1684 2642 irrupturum

190 2653 247 2693 sit
265 2665 399 2693 omne
417 2651 583 2692 malum
603 2658 648 2692 et
666 2651 826 2692 falsum
844 2664 853 2701 ;
886 2663 963 2703 per
979 2653 1003 2669 “
1018 2657 1197 2691 montes
1207 2649 1228 2665 '’
1241 2650 1549 2704 significantur
1566 2651 1686 2692 bona

189 2716 367 2763 amoris,
391 2728 470 2768 per
493 2715 698 2768 “gradus
710 2714 729 2729 ”
750 2728 856 2754 vera
877 2713 995 2760 inde,
1015 2719 1062 2754 et
1083 2726 1162 2766 per
1185 2716 1396 2754 “murum
1408 2713 1427 2728 '’
1450 2720 1655 2755 tutamen
1674 2728 1683 2764 ;

190 2784 237 2818 et
262 2778 335 2818 ubi
362 2791 451 2818 non
474 2784 695 2825 tutamen,
718 2776 822 2817 illuc
848 2776 1051 2829 irrumpit
1073 2776 1242 2830 absque
1267 2778 1524 2817 resistentia
1548 2790 1683 2817 omne

190 2840 358 2880 malum
385 2847 429 2881 et
461 2839 635 2880 falsum.
696 2838 806 2891 Quis
832 2852 922 2879 non
948 2838 1072 2879 videt
1098 2839 1216 2892 quod
1249 2852 1339 2879 non
1370 2838 1683 2892 intelligantur

189 2903 335 2956 pisces
352 2904 498 2950 maris,
517 2916 623 2943 aves
642 2901 881 2949 caelorum,
899 2900 991 2941 fera
1007 2902 1117 2954 agri,
1135 2908 1182 2942 et
1204 2901 1364 2955 reptile
1386 2908 1546 2951 terrae,
1566 2914 1681 2955 quae

190 2966 541 3006 contremiscent
569 2977 719 3006 coram
742 2963 976 3017 Jehovah?
1035 2963 1174 3018 Apud
1198 2964 1459 3014 Jeremiam,
