2008 3360
641 329 749 362 CAP.
770 330 850 371 v1.,
873 330 1012 363 VERS.
1033 330 1181 373 4.-N.
1205 319 1382 375 365[g].
1673 330 1727 374 72
1733 332 1755 375 5

333 441 441 476 Didia
456 449 512 475 est
530 442 791 484 Hierosolyma
810 445 832 458 “
843 444 1060 476 Schelomim
1071 443 1090 456 ”
1106 441 1250 485 (Jerem.
1265 442 1341 475 xiii.
1360 442 1432 483 19):

334 487 379 520 Et
397 486 773 571 idegeffessgeizfgech,
794 488 854 529 qui
873 488 1044 520 sacerdos
1062 487 1140 520 Deo
1156 486 1346 525 altissimo,
1365 487 1434 519 fuit
1453 487 1475 501 “
1486 496 1550 518 rex
1566 486 1758 518 Schalem’'

267 623 314 658 et
346 630 425 671 per
454 615 581 657 illum
612 622 982 670 repraesentatus
1012 623 1083 658 est
1115 616 1363 668 Dominus;
1395 621 1446 658 ut
1477 622 1607 670 patet
1639 615 1760 670 apud

266 679 499 729 Davidem,

337 770 359 784 ‘⁸
369 769 426 801 Tu
441 769 616 801 Sacerdos
634 769 670 800 in
688 775 876 801 aeternum
886 769 988 811 juxta
1004 765 1151 802 modum
1167 768 1444 801 Melchizedechi
1454 768 1558 809 ”(Ps.
1574 778 1627 815 ᾳ.
1640 768 1686 810 4).

324 862 411 918 [9.]
454 862 595 917 Apud
619 839 828 912 Esaz'ain,

336 954 358 968 ⁸¹
370 952 572 985 Laetamini
585 963 665 984 cum
677 952 946 994 Hierosolyma,
959 959 995 985 et
1005 953 1163 985 exultate
1173 953 1210 984 in
1219 962 1273 990 ea,
1286 962 1414 984 omnes
1422 958 1589 984 amantes
1598 962 1689 989 eam,
1701 978 1709 985 .
1723 978 1731 985 .
1745 978 1754 984 .

441 1002 482 1029 ut
494 996 631 1037 sugatis
644 1002 680 1028 et
693 997 903 1028 saturemini
917 1007 961 1028 ex
973 998 1083 1029 ubere
1095 997 1385 1030 consolationum
1399 996 1488 1037 ejus,
1503 1002 1539 1028 et
1551 996 1761 1036 exprimatis

441 1046 478 1072 et
500 1040 720 1072 deliciemini
737 1050 781 1072 ex
798 1041 989 1080 splendore
1005 1040 1142 1081 gloriae
1159 1040 1238 1081 ejus
1253 1049 1276 1077 ;.
1291 1065 1298 1072 .
1312 1065 1320 1072 .
1334 1050 1431 1072 ‚ecce
1452 1039 1530 1080 Ego
1549 1040 1758 1080 expandens

442 1093 551 1124 super
569 1094 649 1115 eam
666 1084 757 1115 sicut
773 1083 921 1115 fluvium
939 1094 1074 1124 pacem,
1093 1091 1129 1115 et
1147 1084 1240 1115 sicut
1256 1084 1388 1115 flumen
1409 1083 1590 1115 inundans
1606 1083 1761 1123 gloriam

442 1128 616 1168 gentium,
627 1133 666 1159 ut
675 1127 812 1167 sugatis
826 1137 833 1163 ;
850 1128 895 1159 ad
906 1128 998 1160 latus
1007 1127 1263 1169 suscipiemini,
1275 1133 1311 1159 et
1319 1137 1427 1168 super
1435 1128 1598 1168 genubus
1607 1125 1762 1158 delecta-

440 1170 594 1203 bimini'’
612 1171 709 1211 (lxvi.
729 1171 866 1211 10-12):

267 1274 346 1315 per
388 1263 413 1281 ‘⁴
428 1259 796 1312 Hierosolymam
809 1259 828 1309 '.'
868 1259 927 1300 ibi
967 1259 1249 1313 intelligitur,
1288 1265 1338 1300 ut
1378 1273 1526 1313 supra,
1565 1258 1760 1300 ecclesia

268 1323 418 1377 quoad
449 1321 716 1371 doctrinam,
751 1336 829 1363 seu
860 1322 980 1376 quod
1012 1322 1146 1371 idem,
1180 1320 1386 1363 doctrina
1417 1321 1664 1373 ecclesiae;
1702 1323 1760 1363 de

265 1386 349 1427 hac
375 1386 552 1435 dicitur,
583 1385 879 1427 “Laetamini
905 1399 1007 1426 cum
1036 1384 1370 1438 Hierosolyma,
1398 1391 1444 1426 et
1477 1384 1688 1426 exultate
1713 1386 1760 1426 in

267 1463 334 1498 ea,
354 1462 511 1490 omnes
534 1455 743 1490 amantes
765 1462 864 1490 eam
883 1449 916 1499 ;''
939 1455 984 1490 et
1008 1448 1064 1489 de
1086 1446 1291 1489 doctrina
1313 1449 1452 1489 etiam
1474 1448 1654 1497 dicitur,
1671 1452 1760 1489 “ut

265 1513 439 1566 sugatis
453 1518 499 1554 et
518 1513 779 1553 saturemini
797 1526 855 1553 ex
874 1512 1008 1553 ubere
1025 1510 1388 1552 consolationum
1406 1510 1513 1563 ejus,
1533 1517 1579 1552 et
1605 1512 1759 1565 expri-

265 1577 399 1617 matis
421 1582 468 1617 et
490 1575 761 1617 deliciemini
787 1590 846 1616 ex
872 1575 1113 1629 splendore
1137 1573 1308 1627 gloriae
1333 1573 1427 1627 ejus
1444 1574 1478 1625 ;”
1510 1588 1589 1628 per
1613 1575 1760 1616 “uber

213 1689 218 1691 α
264 1639 628 1680 consolationum
643 1639 663 1654 ’'
681 1638 958 1692 significatur
971 1638 1183 1678 Divinum
1196 1637 1386 1686 Bonum,
1406 1643 1452 1678 et
1471 1651 1550 1691 per
1567 1642 1592 1658 ‘¹
1605 1639 1759 1692 splen·

263 1703 419 1744 dorem
431 1701 603 1756 gloriae
615 1702 635 1717 ”
649 1701 928 1755 significatur
943 1701 1156 1741 Divinum
1168 1700 1339 1741 Verum
1351 1714 1409 1741 ex
1421 1714 1510 1754 quo
1525 1700 1730 1744 d06trina
1748 1717 1757 1744 τ

263 1767 383 1820 quod
410 1767 562 1807 omnia
587 1765 664 1807 illa
689 1767 734 1806 in
760 1765 1038 1806 abundantia
1065 1770 1195 1805 erunt
1227 1778 1287 1805 ex
1314 1763 1630 1817 conjunctione
1657 1780 1759 1808 cum

264 1829 475 1878 Domino,
500 1829 779 1883 significatur
801 1843 879 1882 per
904 1828 1064 1869 “Ecce
1087 1827 1191 1880 Ego
1212 1828 1480 1882 expandens
1503 1843 1639 1883 super>
1658 1843 1759 1871 eam

262 1893 378 1934 sicut
415 1893 596 1933 fluvium
638 1905 812 1946 pacem,
853 1898 899 1933 et
942 1892 1056 1932 sicut
1095 1890 1259 1933 flumen
1300 1892 1524 1932 inundans
1565 1892 1759 1946 gloriam

261 1956 481 2008 gentium,
506 1962 555 1997 ut
582 1956 756 2009 sugatis
774 1955 808 2006 ;''
834 1969 912 2008 per
940 1954 1171 2008 “pacem’'
1197 1954 1476 2008 significatur
1501 1955 1759 2008 conjunctio

262 2032 364 2059 cum
397 2019 610 2068 Domino,
644 2033 722 2072 per
751 2018 984 2072 “gloriam
1015 2017 1252 2071 gentium’'
1284 2016 1541 2071 conjunGtio
1572 2019 1758 2060 boniet

261 2082 353 2122 veri
379 2077 498 2131 inde,
526 2095 605 2135 per
633 2085 834 2134 “sugere
847 2081 866 2095 ’'
892 2080 1087 2121 influxus
1119 2094 1145 2120 a
1177 2079 1389 2130 Domino,
1418 2087 1464 2122 et
1497 2094 1576 2134 per
1604 2082 1758 2122 “sicut

261 2144 440 2185 fluvium
467 2151 514 2186 et
546 2145 854 2186 sicut'flumen
881 2142 1136 2185 inundans”
1158 2143 1467 2185 abundantia:
1501 2144 1621 2198 quod
1653 2144 1758 2185 inde

260 2221 387 2248 amor
408 2207 666 2261 spiritualis,
691 2214 737 2249 et
756 2221 883 2248 amor
900 2206 1126 2255 caelestis,
1146 2220 1225 2260 per
1241 2220 1354 2260 quos
1376 2205 1633 2260 conjunctio
1655 2220 1757 2248 cum

261 2270 459 2312 Domino
481 2270 545 2320 fit,
569 2270 848 2324 significatur
866 2284 944 2323 per
969 2268 1201 2310 “adlatus
1223 2270 1540 2323 suscipiemini,
1560 2267 1758 2323 et‘super

259 2334 464 2387 genubus
483 2332 819 2375 delectabimini
838 2333 871 2383 ;''
899 2346 976 2386 per
990 2331 1149 2373 “latus
1161 2331 1470 2387 ”significatur
1483 2345 1611 2373 amor
1628 2333 1757 2386 spiri-

260 2396 409 2446 tualis,
429 2403 475 2438 et
499 2411 577 2451 per
596 2401 621 2417 “
635 2396 814 2450 genua”
832 2409 958 2436 amor
975 2394 1200 2444 caelestis,
1219 2401 1265 2436 et
1280 2409 1359 2449 per
1383 2396 1585 2449 “suscipi
1607 2402 1653 2436 et
1677 2396 1756 2436 de-

260 2457 442 2499 lectar?¹
459 2458 742 2511 significatur
763 2471 822 2498 ex
845 2454 1167 2508 conjunffione
1187 2455 1383 2497 felicitas
1405 2462 1620 2497 aeterna:
1654 2467 1758 2504 (quod

259 2522 276 2533 ‘⁸
287 2519 367 2548 uber
375 2519 392 2528 ''
403 2519 556 2557 significet
566 2528 707 2548 amorem
718 2518 920 2556 spiritualem.
932 2521 963 2545 et
972 2517 1060 2554 quod
1070 2525 1200 2554 quoque
1216 2520 1232 2531 ¹¹
1245 2517 1327 2546 latus
1337 2517 1354 2526 ’'
1365 2526 1422 2546 seu
1432 2520 1449 2531 ⁸¹
1458 2517 1603 2555 petitus?
1614 2517 1758 2546 videatur

258 2577 364 2606 supra,
379 2578 410 2599 n.
426 2558 478 2611 65
494 2579 500 2604 ς
521 2570 609 2607 quod
623 2566 640 2576 '¹
651 2578 758 2606 genua
768 2568 784 2577 '¹
802 2567 979 2605 significent
997 2575 1140 2595 amorem
1155 2567 1378 2605 conjugialem,
1392 2571 1423 2595 et
1438 2567 1513 2596 inde
1527 2575 1671 2596 amorem
1686 2576 1759 2596 cae-

258 2622 380 2656 lestem,
393 2623 425 2651 in
441 2622 580 2652 Arcanis
595 2622 789 2655 Caelestibus,
802 2630 833 2650 n.
847 2628 936 2657 3021,
952 2621 1042 2656 4280,
1055 2620 1269 2658 5050-50622)
1291 2610 1412 2663 quod
1430 2613 1456 2629 “
1467 2609 1615 2662 gloria
1627 2608 1646 2623 ”
1663 2610 1756 2662 Sig-

259 2668 412 2710 nificet
425 2669 641 2710 Divinum
654 2669 843 2715 Verum,
857 2672 903 2707 et
915 2666 1020 2706 inde
1032 2666 1390 2720 intelligentiam
1402 2672 1450 2707 et
1464 2667 1754 2719 sapientiam,

258 2729 469 2770 videatur
484 2743 620 2782 supra
632 2739 677 2777 (n.
690 2737 789 2779 (¹133,
802 2727 895 2771 288,
909 2735 1006 2778 345)
1023 2739 1032 2766 :
1060 2732 1107 2767 et
1122 2727 1244 2780 quod
1262 2726 1481 2780 “gentes''
1493 2725 1756 2779 significent

258 2788 363 2829 illos
384 2789 459 2842 qui
480 2789 525 2829 in
550 2788 673 2828 bono
695 2787 862 2827 amoris
887 2792 1009 2834 sunt,
1029 2792 1076 2826 et
1093 2785 1327 2828 abstracte
1352 2800 1378 2827 a
1403 2787 1610 2839 personis
1633 2786 1756 2828 bona

259 2849 442 2897 amoris,
465 2849 605 2889 etiam
631 2861 766 2900 supra
789 2857 834 2894 (n.
860 2855 1004 2898 175[a],
1022 2855 1146 2897 331);
1176 2847 1281 2887 inde
1307 2846 1492 2899 “gloria
1513 2845 1755 2899 gentium”

259 2909 485 2963 significat
511 2909 756 2962 genuinum
782 2920 937 2948 verum
963 2907 1081 2960 quod
1114 2921 1174 2948 ex
1199 2907 1321 2950 bono
1346 2909 1526 2957 amoris,
1554 2908 1618 2950 ita
1644 2920 1754 2948 con-

254 2970 534 3025 junctionem
560 2971 753 3012 illorum.
816 2969 953 3023 Apud
980 2970 1188 3020 eundern,
