2008 3360
639 284 746 317 CAP.
768 285 848 327 vr,
872 285 1010 318 VERS.
1032 285 1179 331 9.--N.
1204 274 1370 330 374[b].
1668 287 1761 342 741*

262 401 288 419 “
303 397 379 439 filii
418 398 612 440 armenti
627 398 647 414 ”
686 411 792 440 vera
832 399 1054 442 naturalia
1074 414 1084 451 ;
1130 399 1242 442 haec
1283 400 1387 453 quia
1426 398 1750 452 significantur,

259 467 480 502 vocantur
514 461 721 502 “bonum
750 462 952 515 Jehovae
971 463 1005 503 :''
1041 463 1160 517 quod
1192 462 1279 503 illis
1310 463 1415 503 inde
1446 462 1754 515 intelligentia

259 530 306 564 et
329 524 565 577 sapientia,
585 523 863 577 significatur
880 539 958 579 per
978 524 1092 566 “fiet
1112 525 1262 566 anima
1278 538 1433 566 eorum
1455 526 1571 565 sicut
1593 525 1753 566 hortus

259 587 486 640 irriguus,”
509 601 587 641 per
612 587 831 628 “hortum
843 588 862 603 ''
885 589 1003 629 enim
1030 590 1074 629 in
1097 588 1252 629 Verbo
1278 587 1557 642 significatur
1583 589 1752 629 intelli-

258 651 429 703 gentia,
454 656 500 692 et
523 664 602 703 per
627 651 877 703 “irriguum
890 651 909 666 '’
931 652 1145 693 continue
1167 664 1400 692 crescens:
1434 651 1554 705 quod
1577 665 1666 692 non
1693 652 1753 693 ibi

259 712 574 766 intelligantur
588 713 802 761 triticum,
817 721 1029 762 mustum,
1046 714 1209 763 oleum,
1225 713 1301 754 filii
1315 715 1467 767 gregis
1481 720 1528 755 et
1543 715 1751 763 armenti,

259 781 403 828 patet,
438 789 542 816 nam
574 775 736 816 dicitur
770 777 998 818 “redemit
1028 776 1233 830 jehovah
1263 776 1522 830 Jacobum‚”
1554 783 1600 818 et
1632 777 1752 831 quod

262 837 377 879 “fiet
404 839 553 879 anima
579 851 733 879 eorum
759 839 874 880 sicut
901 839 1059 880 hortus
1085 838 1312 893 irriguus.''
1372 838 1511 893 Apud
1538 839 1721 889 Joelem,

328 935 336 946 ⁴
343 933 351 946 ¹
365 931 582 964 Devastatus
594 919 648 964 est
658 942 753 972 ager,
767 932 856 965 luxit
866 939 971 971 terra,
983 934 1066 974 quia
1073 934 1298 965 devastatum
1308 939 1363 966 est
1373 933 1604 972 frumentum,
1615 934 1755 966 exaruit

434 982 602 1013 mustum,
623 976 770 1017 languet
786 977 926 1015 oleum;
951 975 1133 1017 pudefacti
1153 983 1236 1009 sunt
1254 977 1445 1017 agricolae,
1465 977 1645 1018 ejularunt
1667 978 1754 1009 vini-

433 1025 543 1103 }ores,
564 1029 672 1104 Sigper
688 1020 807 1052 tritico
824 1026 859 1051 et
875 1030 982 1061 super
1000 1021 1148 1059 hordeo,
1168 1030 1212 1052 eo
1229 1021 1323 1062 quod
1343 1021 1486 1062 perierit
1503 1021 1631 1053 messis
1649 1021 1724 1061 agri
1734 1020 1754 1034 '⁹

447 1072 469 1095 ι.
486 1071 590 1094 10-12
617 1075 623 1096 ε

259 1149 371 1192 haec
409 1165 499 1192 non
537 1149 657 1192 dicta
694 1158 798 1193 sunt
836 1153 891 1193 de
928 1166 1039 1206 agro
1075 1159 1121 1194 et
1158 1152 1250 1206 ejus
1287 1152 1544 1202 sterilitate,
1578 1154 1658 1194 sed
1695 1154 1753 1195 de

260 1214 452 1256 ecclesia
474 1221 519 1256 et
547 1213 640 1268 ejus
662 1216 947 1266 vastatione;
981 1230 1117 1270 quare
1143 1230 1222 1270 per
1247 1216 1481 1269 “agrum,”
1507 1217 1753 1267 “terram‚”

263 1282 287 1298 “
299 1277 611 1327 frumentum,”
629 1281 654 1298 “
666 1285 864 1319 mustum
877 1278 896 1293 ’‘
911 1286 957 1319 et
975 1283 1000 1299 ‘⁴
1014 1278 1204 1329 oleum‚”
1218 1293 1307 1321 non
1325 1279 1402 1320 illa
1419 1279 1751 1333 intelliguntur,

259 1340 338 1382 sed
370 1355 449 1394 per
474 1340 700 1394 “agrum”
726 1347 771 1381 et
804 1355 882 1395 per
907 1341 1143 1382 “terram”
1169 1342 1373 1391 ecclesia,
1402 1341 1501 1396 (per
1525 1343 1753 1397 “agrum’'

259 1403 450 1445 ecclesia
472 1404 620 1458 quoad
647 1405 955 1458 receptionem
982 1411 1027 1446 et
1055 1406 1416 1458 procreationem
1438 1406 1531 1447 veri
1557 1412 1603 1447 et
1631 1405 1751 1455 boni,

259 1473 304 1507 et
332 1480 410 1520 per
434 1470 459 1487 “
475 1474 642 1508 terram
655 1466 673 1481 ”
696 1467 888 1508 ecclesia
910 1468 1058 1521 quoad
1082 1474 1271 1521 gentem
1296 1467 1392 1522 ibi,)
1417 1483 1496 1522 per
1520 1469 1752 1510 “frumen-

258 1531 379 1572 tum''
390 1531 558 1572 bonum
573 1532 718 1572 omnis
734 1532 911 1584 generis
926 1532 969 1572 in
981 1538 1176 1572 externo
1190 1531 1386 1581 homine,
1401 1546 1480 1586 per
1493 1536 1518 1552 “
1531 1532 1754 1574 mustum‘'

258 1608 413 1635 verum
439 1595 578 1635 etiam
603 1594 677 1643 ibi,
706 1608 784 1648 per
813 1598 837 1614 “
854 1594 1003 1635 oleum
1020 1594 1039 1609 ''
1065 1594 1232 1635 bonum
1263 1595 1307 1636 in
1334 1596 1514 1636 interno
1540 1595 1751 1648 homine;

208 1711 217 1712 ἶ
259 1671 337 1711 per
361 1657 622 1710 “agricolas
634 1657 653 1672 ‘’
676 1659 749 1711 qui
772 1656 1009 1711 pudefacti,
1035 1664 1080 1699 et
1104 1672 1183 1712 per
1207 1659 1461 1700 “vinitores
1473 1658 1493 1674 ”
1516 1660 1589 1713 qui
1611 1659 1752 1713 ejula-

258 1727 376 1769 runt,
401 1734 532 1774 super
555 1721 708 1762 tritico
733 1728 779 1762 et
807 1735 939 1774 super
964 1721 1150 1770 hordeo,
1173 1721 1484 1775 significantur
1509 1722 1573 1763 illi
1596 1723 1669 1776 qui
1695 1723 1753 1764 ab

258 1783 464 1832 ecclesia,
493 1790 539 1825 et
569 1798 648 1838 per
677 1785 917 1825 “triticum
930 1784 948 1798 ’'
974 1791 1020 1824 et
1053 1798 1131 1838 per
1159 1783 1416 1825 “hordeum
1428 1784 1447 1799 ”
1474 1785 1753 1838 significatur

258 1847 426 1888 bonum
444 1847 536 1901 ejus
559 1853 605 1889 et
623 1861 777 1889 verum
796 1847 888 1901 ejus
906 1862 914 1897 ;
943 1854 988 1888 et
1012 1861 1091 1901 per
1110 1851 1343 1889 “messem
1366 1849 1462 1902 agri
1475 1848 1494 1863 ’‘
1511 1863 1626 1903 quae
1647 1849 1752 1890 inde

257 1911 403 1963 periit,
427 1909 706 1963 significatur
727 1911 873 1951 omnis
900 1910 1048 1951 cultus
1074 1924 1133 1952 ex
1160 1910 1260 1951 illis.
1322 1910 1461 1966 Apud
1485 1911 1749 1962 Jeremz'am,

325 2002 348 2015 ‘⁴
360 2000 474 2041 Super
484 2011 610 2033 omnes
622 2001 731 2033 colles
744 2001 780 2032 in
791 2001 934 2033 deserto
944 2007 1121 2032 venerunt
1131 2002 1432 2043 vastatores,quia
1441 2003 1582 2043 gladius
1593 2003 1753 2044 Jehovae

432 2044 610 2076 devorans
630 2055 652 2076 a
670 2045 740 2076 fine
757 2051 872 2077 terrae
891 2055 1003 2086 usque
1023 2045 1067 2076 ad
1088 2045 1194 2076 finem
1212 2052 1347 2078 terrae:
1373 2056 1447 2077 non
1466 2056 1537 2087 pax
1553 2047 1616 2078 ulli
1633 2047 1752 2086 carni;

431 2094 601 2120 severunt
612 2088 746 2126 ,tritica,
767 2095 801 2120 et
819 2089 941 2129 spinas
960 2088 1215 2120 messuerunt”
1231 2089 1304 2129 (xii.
1322 2097 1373 2128 12,
1390 2089 1461 2130 13):

256 2177 395 2217 etiam
427 2176 539 2217 haec
566 2175 687 2218 dicta
716 2183 820 2218 sunt
847 2177 903 2217 de
935 2176 1127 2217 ecclesia
1157 2183 1203 2218 et
1235 2177 1328 2231 ejus
1353 2179 1640 2231 vastatione;
1673 2194 1752 2233 per

260 2242 285 2258 ‘⁴
298 2238 438 2280 colles
456 2239 500 2279 in
518 2239 701 2280 deserto
714 2239 733 2253 ’⁹
751 2253 883 2292 super
900 2253 1011 2293 quos
1030 2243 1053 2259 “
1066 2247 1286 2281 venerunt
1304 2247 1562 2282 vastatores
1574 2241 1593 2256 ”
1611 2243 1751 2295 signi-

256 2300 416 2342 ficatur
444 2302 565 2355 quod
597 2315 732 2343 omne
764 2302 931 2342 bonum
963 2302 1198 2342 charitatis
1230 2304 1411 2356 perierit
1443 2317 1522 2357 per
1553 2304 1673 2345 mala
1704 2311 1751 2346 et

255 2363 368 2404 salsa
384 2378 394 2414 ;
430 2363 640 2405 “colles”
666 2365 710 2405 in
738 2364 892 2405 Verbo
919 2363 1175 2417 significant
1202 2365 1275 2406 ubi
1303 2365 1471 2406 bonum
1498 2366 1749 2415 charitatis,

255 2432 302 2467 et
328 2427 373 2466 in
399 2440 533 2467 sensu
559 2426 791 2468 abstracto
817 2427 962 2480 ipsum
987 2426 1098 2467 illud
1124 2427 1306 2477 bonum,
1334 2429 1602 2471 “desertum
1616 2429 1634 2444 ”
1658 2430 1749 2482 sig-

256 2487 408 2529 nificat
450 2489 523 2530 ubi
564 2503 654 2530 non
694 2489 805 2529 illud
845 2490 948 2542 quia
988 2502 1079 2529 non
1118 2503 1288 2538 verum,
1327 2496 1373 2531 et
1417 2495 1442 2510 ‘¹
1458 2497 1716 2532 vastatores
1731 2491 1750 2505 '’

255 2550 512 2603 significant
532 2551 652 2592 mala
674 2558 720 2593 et
743 2551 854 2592 falsa
873 2565 952 2604 per
969 2565 1083 2605 quae
1100 2551 1268 2593 bonum
1290 2559 1336 2594 et
1355 2567 1508 2594 verum
1532 2560 1748 2608 pereunt:

256 2626 334 2666 per
362 2613 601 2667 “gladium
626 2613 828 2667 Jehovae
854 2614 1151 2655 devorantem
1178 2628 1204 2655 a
1235 2614 1322 2656 fine
1347 2621 1495 2656 terrae
1521 2630 1660 2670 usque
1692 2616 1750 2656 ad

254 2668 389 2716 finem
407 2682 555 2718 terrae
567 2676 587 2691 '’
605 2675 884 2730 significatur
900 2675 1060 2716 falsum
1077 2676 1315 2718 destruens
1334 2679 1485 2718 omnia
1503 2677 1721 2719 ecclesiae
1738 2692 1748 2729 ;

252 2751 333 2791 per
367 2738 610 2792 “gladium
643 2739 940 2779 devorantem
956 2737 975 2752 ''
1006 2737 1166 2779 salsum
1200 2739 1453 2788 destruens,
1487 2746 1533 2781 et
1570 2754 1648 2793 per
1683 2744 1751 2780 “a

251 2799 341 2841 'fine
359 2807 507 2842 terrae
526 2815 665 2855 usque
683 2801 740 2841 ad
758 2800 892 2841 finem
911 2807 1058 2842 terrae
1070 2801 1089 2816 '¹
1106 2802 1417 2855 significantur
1434 2803 1584 2843 omnia
1602 2802 1749 2843 eccle-

253 2863 371 2904 siae:
395 2877 474 2917 per
492 2867 620 2904 “non
638 2878 730 2917 pax
749 2863 826 2903 ulli
844 2863 997 2903 carni”
1015 2864 1293 2916 significatur
1310 2865 1430 2918 quod
1449 2878 1538 2905 non
1557 2864 1748 2915 amplius

252 2925 430 2966 interna
452 2927 627 2980 requies
649 2932 836 2979 propter
857 2925 1103 2966 dominium
1127 2926 1232 2967 mali
1255 2934 1301 2968 et
1325 2926 1446 2968 falsi:
1481 2941 1559 2980 per
1580 2931 1744 2968 “seve-
