2008 3432
604 391 711 429 cAP.
735 392 815 433 v1.,
839 391 978 426 VERS.
1002 392 1150 425 arn.
1176 382 1344 438 35·5[a].
1640 384 1724 439 667

230 510 278 549 et
303 518 384 559 per
410 505 590 547 “virum
616 505 754 547 belli’'
780 505 1057 560 significatur
1082 521 1236 549 verum
1259 522 1318 549 ex
1345 508 1466 549 bono
1492 509 1612 562 quod
1639 510 1724 556 de·

226 568 360 618 struit
396 567 582 611 falsum:
631 570 714 610 nisi
751 570 861 611 talia
896 569 1270 624 significarentur,
1309 571 1414 625 quid
1451 572 1566 613 foret
1603 572 1725 626 quod

224 632 497 676 satiarentur
517 635 670 686 “equo
692 639 738 674 et
762 646 904 683 curru,
926 634 1030 675 forti
1051 641 1098 676 et
1121 635 1243 675 omni
1265 635 1361 676 viro
1383 634 1488 676 belli
1501 635 1541 676 '’?
1592 634 1724 677 Simi-

226 695 329 738 liter
353 696 398 738 in
423 695 711 749 Apocalypsi,

296 785 611 827 “Congregamini
636 787 682 819 ad
706 797 831 819 cenam
856 788 978 829 magni
1004 787 1082 827 Dei,
1101 794 1140 820 ut
1162 788 1359 820 comedatis
1383 798 1509 820 carnes
1533 798 1669 830 regum,
1689 796 1726 822 et

401 840 528 862 carnes
558 831 842 869 chiliarchorum,
869 838 905 864 et
932 842 1057 864 carnes
1081 832 1239 871 fortium,
1266 839 1302 864 et
1329 843 1455 865 carnes
1487 843 1661 875 equorum
1688 839 1725 866 et

399 875 602 907 sedentium
620 885 727 917 super
745 875 814 908 illis
827 875 845 887 '¹
862 875 948 916 (xix,
971 883 1022 916 17,
1044 877 1116 917 18):

226 950 374 1004 agitur
394 950 454 992 ibi
485 951 529 991 in
561 951 938 1004 praecedentibus
963 952 1020 994 de
1042 952 1197 994 Verbo
1227 959 1274 995 et
1306 952 1398 1007 ejus
1430 967 1564 995 sensu
1595 955 1724 1008 spiri-

227 1013 362 1065 tuali;
394 1013 464 1055 hic
492 1028 607 1055 nunc
631 1015 879 1057 invitantur
904 1017 961 1057 ad
993 1017 1257 1058 discendum
1284 1031 1390 1058 vera
1416 1024 1462 1058 et
1491 1017 1549 1058 a'd
1580 1019 1724 1072 perci-

227 1077 440 1130 piendum
477 1078 623 1128 bona;
664 1085 711 1119 et
751 1092 830 1132 per
866 1083 1064 1120 “cenam
1104 1081 1258 1133 magni
1299 1080 1415 1121 Dei”
1446 1081 1725 1134 significatur

226 1139 463 1182 instructio
489 1142 532 1182 in
554 1143 670 1182 veris
693 1149 738 1184 et
765 1143 869 1184 inde
892 1145 1122 1197 perceptio
1144 1144 1248 1185 boni
1270 1158 1296 1185 a
1319 1144 1543 1196 Domino;
1575 1151 1622 1186 et
1647 1159 1726 1199 per

229 1208 426 1245 “carnes
458 1205 655 1258 regum,‘'
689 1206 1110 1256 “chiliarchorum,''
1148 1207 1406 1257 “for-tium‚”
1439 1207 1724 1262 “equorum”

227 1274 273 1309 et
301 1268 595 1309 “sedentium
621 1283 754 1323 supe-r
778 1270 865 1310 illis
877 1270 895 1285 ''
918 1270 1226 1324 significantur
1247 1272 1393 1312 omnis
1415 1272 1593 1325 generis
1619 1285 1727 1313 vera

227 1345 341 1386 quae
372 1345 432 1372 ex
458 1333 605 1383 bono;
641 1332 837 1386 (“caro”
864 1333 1087 1387 significat
1119 1335 1302 1382 bonum,
1332 1338 1502 1387 “reges
1516 1334 1534 1349 ’'
1561 1334 1726 1376 Divina

227 1409 333 1436 vera
354 1395 398 1436 in
420 1408 601 1449 genere,
628 1396 924 1437 “chiliarchi”
947 1397 1105 1438 eadem
1129 1398 1171 1438 in
1194 1398 1357 1451 specie,
1388 1397 1594 1438 “fortes”
1620 1412 1727 1440 vera

229 1457 464 1507 naturalia,
500 1459 670 1512 “equi‘'
706 1473 813 1500 vera
848 1458 1187 1510 intellectualia,
1220 1467 1267 1502 et
1306 1461 1557 1502 “sedentes
1593 1475 1727 1515 super

228 1521 345 1562 illis''
377 1535 483 1562 vera
509 1522 757 1576 spiritualia
774 1522 805 1576 ;)
849 1524 969 1577 quod
1006 1524 1065 1564 ibi
1097 1537 1188 1564 non
1220 1523 1535 1577 intelligantur
1567 1538 1726 1565 carnes

227 1597 398 1638 regum,
423 1585 780 1634 chiliarchorum,
801 1586 996 1636 fortium,
1016 1600 1231 1640 equorum
1250 1594 1296 1631 et
1319 1588 1573 1628 sedentium
1592 1601 1725 1641 super

226 1647 328 1697 illis,
357 1649 494 1689 cuivis
516 1655 657 1702 patet.
718 1649 857 1703 Apud
881 1649 1118 1699 Habakuk,

230 1756 238 1757 ff
295 1737 425 1770 “Num
450 1738 567 1770 fluviis
591 1739 793 1770 succensuit
816 1738 1002 1781 Jehovah?
1036 1749 1124 1771 num
1146 1746 1271 1772 contra
1294 1739 1423 1772 fluvios
1447 1740 1501 1772 ira
1524 1741 1609 1773 tua?
1639 1750 1725 1773 num

401 1788 528 1813 contra
551 1792 648 1813 mare
672 1783 969 1814 excandescentia
993 1784 1075 1815 tua?
1106 1783 1201 1824 quod
1224 1784 1362 1825 equitas
1386 1794 1494 1824 super
1517 1785 1617 1826 equis
1641 1785 1723 1822 tuis,

402 1835 525 1857 currus
543 1826 592 1857 tui
612 1827 709 1857 salus
723 1837 746 1858 :.
762 1851 769 1858 .
783 1851 791 1858 .
806 1827 964 1858 .calcasti
982 1837 1079 1858 mare
1096 1827 1196 1868 equis
1213 1828 1294 1866 tuis,
1314 1827 1426 1859 lutum
1443 1838 1615 1869 aquarum
1636 1828 1726 1860 mul·

402 1876 517 1902 tarum
529 1869 547 1881 '⁸
564 1870 626 1910 (iii.
643 1871 674 1908 8,
691 1870 763 1911 15):

228 1946 325 2000 quis
343 1959 433 1986 non
450 1946 574 1987 videt
593 1947 713 2000 quod
736 1960 814 2000 per
834 1950 858 1967 “
872 1960 1012 2000 equos
1024 1946 1043 1963 '’
1060 1946 1131 1988 hic
1155 1960 1244 1988 non
1262 1947 1576 2001 intelligantur
1593 1948 1725 2002 equi?

229 2010 392 2051 dicitur
417 2011 535 2050 enim
563 2010 619 2051 de
638 2010 869 2063 ‘Jehovah,
897 2010 1019 2064 quod
1045 2012 1256 2064 “equitet
1289 2025 1420 2065 super
1446 2014 1571 2065 equis
1597 2013 1726 2061 suis,”

229 2079 275 2113 et
306 2073 425 2126 quod
459 2073 643 2114 “calcet
675 2087 797 2115 mare
824 2074 948 2128 equis
980 2072 1108 2123 suis,’'
1134 2081 1180 2115 et
1212 2075 1332 2128 quod
1361 2079 1551 2116 “currus
1579 2076 1724 2129 Ipsius

229 2137 319 2177 sint
341 2136 461 2177 salus
477 2136 510 2177 :”
541 2138 621 2177 sed
644 2137 729 2178 hoc
752 2138 913 2178 dicitur
936 2138 1039 2191 quia
1063 2151 1141 2191 per
1160 2139 1398 2191 “eq-uitare
1416 2152 1548 2192 super
1569 2140 1693 2192 equis
1706 2138 1726 2155 ”

229 2198 505 2252 significatur
530 2201 650 2253 quod
680 2200 899 2254 Jehovah,
933 2201 1018 2241 hoc
1051 2207 1135 2249 est,
1163 2200 1399 2250 Dominus,
1424 2202 1480 2242 sit
1513 2202 1557 2242 in
1588 2201 1724 2243 intel-

230 2260 349 2303 leetu
381 2262 521 2303 Verbi
554 2264 618 2303 sui
650 2264 693 2304 in
726 2277 859 2304 sensu
891 2262 983 2316 ejus
1014 2263 1259 2316 spirituali3
1302 2271 1348 2305 et
1386 2265 1488 2318 quia
1518 2265 1623 2305 inde
1654 2271 1724 2306 est

229 2323 434 2366 d0&rina
459 2327 565 2375 veri,
593 2341 708 2382 quae
734 2327 869 2368 docet
891 2327 1009 2367 viam
1036 2326 1205 2375 salutis,
1230 2327 1409 2368 additur
1433 2327 1634 2368 “Currus
1661 2329 1725 2368 tui

230 2388 380 2430 salus''
415 2388 664 2444 (“currus'’.
690 2390 947 2443 significant
980 2388 1282 2444 do&rinam);
1327 2398 1372 2432 et
1405 2405 1483 2444 per
1511 2391 1724 2432 “calcare

229 2465 350 2493 mare
376 2453 530 2507 equis”
557 2453 836 2507 significatur
862 2453 981 2507 quod
1011 2453 1231 2506 Jehovah,
1260 2455 1345 2495 hoc
1373 2461 1457 2502 est,
1484 2454 1720 2502 Dominus,

229 2516 286 2556 sit
311 2517 356 2556 in
387 2515 621 2558 intelleftu
648 2517 788 2558 Verbi
814 2518 879 2558 sui
911 2517 955 2557 in
987 2530 1120 2558 sensu
1151 2517 1344 2558 naturali
1374 2517 1498 2571 (nam
1528 2521 1690 2558 “mare
1704 2518 1724 2532 ”

228 2579 287 2619 ibi
303 2572 348 2619 fd
365 2579 604 2632 sig-nificat,
625 2581 669 2620 in
687 2594 854 2634 genere
872 2580 1021 2620 omnia
1038 2594 1151 2634 quae
1169 2588 1272 2621 sunt
1292 2581 1508 2621 naturalis
1531 2581 1724 2621 hominis

229 2648 274 2682 et
306 2655 386 2695 pro
418 2644 611 2684 naturali
642 2643 874 2697 homine);
908 2650 954 2684 et
985 2644 1088 2696 quia
1119 2645 1177 2684 ibi
1210 2652 1314 2685 sunt
1347 2644 1512 2684 Divina
1542 2659 1648 2685 vera
1679 2646 1723 2685 in
1755 2658 1760 2662 ·

228 2718 308 2746 suo
330 2705 505 2755 ultimo,
529 2707 631 2748 ideo
653 2708 832 2748 additur
856 2706 1037 2749 “lutum
1059 2721 1274 2761 aquarum
1298 2707 1540 2749 multarum
1552 2708 1571 2722 ''
1596 2707 1722 2761 (“lu-

229 2768 355 2809 tum”
392 2768 616 2822 significat
654 2770 860 2810 ultimum
898 2783 956 2809 ex
995 2783 1083 2823 quo
1121 2777 1167 2811 et
1205 2771 1249 2810 in
1283 2784 1385 2824 quo,
1425 2776 1470 2811 et
1510 2770 1723 2824 “aquae'’

228 2830 484 2885 significant
510 2832 652 2887 vera).
713 2832 853 2886 Apud
879 2831 1159 2883 Samariam,

296 2921 318 2935 “
332 2920 548 2952 Exscindam
561 2931 701 2953 currum
713 2931 757 2953 ex
770 2921 975 2961 Ephraimo,
991 2928 1027 2954 et
1042 2932 1171 2964 equum
1185 2933 1230 2954 ex
1244 2922 1500 2964 Hierosolyma
1512 2932 1520 2962 ς
1537 2929 1574 2955 et
1586 2923 1723 2955 exscin-

400 2965 504 2996 detur
519 2975 621 2997 arcus
638 2965 721 2996 belli
735 2974 743 3004 ;
767 2971 893 2997 contra
908 2965 1072 3008 loquetur
1088 2976 1213 3008 pacem
1229 2967 1397 3009 gentibus
1408 2966 1426 2978 '¹
1444 2967 1504 3007 (ix.
1523 2967 1576 3008 10)
1590 2976 1597 2999 ε

228 3044 375 3098 agitur
396 3045 455 3086 ibi
480 3045 536 3086 de
558 3045 757 3086 adventu
783 3045 981 3096 Domini,
1004 3052 1050 3088 et
1073 3046 1128 3088 de
1150 3048 1478 3089 instauratione
1500 3047 1721 3089 ecclesiae
